2904 5028
728 444 792 520 ddi

362 629 401 689 65
424 627 506 704 Tege
528 634 635 704 pectus
657 631 789 704 iugulam
810 634 1020 705 pectusculum

423 715 571 772 Mamillas
595 715 780 772 stomachum
803 722 833 772 et
854 715 1024 773 umbilicum

353 845 355 850 .
423 800 506 874 Tege
528 806 662 858 ventrem
683 801 800 858 lumbos
824 803 965 876 genitalia

423 887 542 944 Alvium
566 891 596 942 et
618 887 716 943 cordis
738 887 841 944 vitalia

423 971 505 1046 Tege
529 970 691 1045 triphidum
713 975 794 1029 iecor
816 978 846 1029 et
868 973 918 1029 ilia

359 1056 400 1115 70
422 1057 538 1112 Marfim
559 1059 707 1114 reniculos
732 1059 863 1114 aethrem
887 1075 953 1114 cum
975 1059 1085 1133 obligia

421 1142 504 1216 Tege
527 1143 629 1202 tollam
651 1149 783 1200 toracem
806 1159 872 1200 cum
894 1144 1033 1218 pulmone

420 1229 518 1284 Venas
541 1228 631 1284 fibras
653 1229 694 1285 fel
716 1247 782 1285 cum
803 1229 981 1285 bucliamine
1061 1252 1063 1260 f

421 1313 504 1388 Tege
528 1331 647 1370 carnem
668 1317 829 1390 unguinem
852 1333 918 1372 cum
940 1314 1078 1372 medullis

421 1399 559 1473 Splenem
582 1417 634 1457 cor
654 1403 761 1456 ricosis
785 1419 851 1456 cum
873 1401 1021 1458 intestinis

358 1483 399 1541 75
422 1485 505 1558 Tege
528 1487 658 1542 vesicam
681 1485 799 1559 adipem
822 1492 852 1544 et
873 1492 980 1559 pentes

421 1569 634 1644 Compaginum
657 1573 825 1628 innumeros
849 1571 967 1628 ordines

421 1655 504 1730 Tege
526 1656 603 1730 pilos
627 1662 717 1732 atque
739 1657 871 1714 membra
892 1658 1008 1731 reliqua

420 1739 552 1810 Quorum
573 1743 649 1798 forte
670 1744 812 1816 preterivi
833 1745 951 1800 nomina

418 1827 501 1901 Tege
524 1832 620 1883 totum
641 1846 687 1886 me
711 1845 778 1884 cum
800 1831 931 1902 quinque
955 1828 1091 1885 sensibus

356 1911 397 1969 80
418 1913 456 1968 Et
479 1930 545 1968 cum
568 1912 672 1970 decem
693 1914 794 1970 fabrae
817 1915 904 1970 sactis
926 1914 1038 1970 foribus

418 1999 458 2054 Ut
480 2015 498 2053 a
518 1999 629 2072 plantis
651 2016 748 2074 usque
770 2001 809 2056 in
822 2001 965 2057 verticem

417 2083 505 2139 Nullo
528 2085 659 2140 membro
681 2086 753 2142 foris
777 2093 914 2160 egrotum

329 2177 336 2186 '
417 2169 480 2224 Nec
503 2167 540 2226 de
562 2188 628 2226 meo
651 2172 743 2228 vitam
763 2173 882 2244 possint
903 2170 1023 2226 trudere

417 2253 516 2310 Pestis
539 2255 630 2312 febris
651 2257 778 2330 languor
801 2255 885 2312 dolor
907 2272 1032 2330 corpore

353 2339 393 2398 85
416 2341 517 2396 Donec
539 2342 598 2397 iam
621 2340 709 2398 dante
733 2340 789 2398 deo
813 2358 933 2398 aeneam

409 2425 453 2484 Et
474 2431 601 2499 peccata
623 2444 689 2482 mea
710 2426 795 2483 bonis
819 2426 934 2484 deleam

416 2511 456 2568 Ut
479 2511 515 2568 de
538 2529 627 2568 carne
649 2515 704 2569 viis
726 2513 792 2570 imis
817 2529 933 2569 caream

415 2597 453 2653 Et
475 2595 514 2652 ad
536 2599 598 2654 alta
620 2599 739 2656 evolare
761 2599 878 2656 voleam
944 2665 950 2674 ,

415 2683 454 2739 Et
475 2685 596 2740 miserto
620 2683 676 2740 deo
699 2683 738 2739 ad
759 2685 882 2740 aethera

353 2769 393 2828 90
415 2769 509 2825 Detur
531 2770 624 2828 vehar
645 2772 729 2846 regni
751 2771 914 2845 refrigeria.
957 2768 1060 2826 Amen.

297 2887 394 2946 Huius
416 2894 515 2946 textus
539 2891 682 2964 originem
703 2891 827 2945 maxime
850 2889 967 2944 affinem
990 2903 1057 2944 esse
1074 2886 1169 2945 codici
1184 2904 1201 2944 a
1215 2888 1281 2944 Μο-

215 2974 263 3030 nio
287 2973 367 3030 edito
390 2975 452 3031 fere
475 2977 572 3030 omnia
593 2974 785 3049 persuadent,
809 2974 882 3030 nihil
895 2975 1024 3030 sortasse
1038 2973 1166 3046 planius,
1190 2991 1281 3048 quam

215 3058 274 3115 duo
296 3060 348 3116 iila
368 3065 489 3134 puncta,
514 3061 621 3135 quibus
644 3079 671 3119 v.
697 3062 745 3118 34.
769 3059 860 3118 uerba
889 3059 1015 3127 (scilicet
1037 3061 1062 3114 si
1086 3064 1154 3115 sunt
1175 3055 1280 3124 verba)

211 3145 322 3201 michi
344 3165 407 3202 nas
431 3152 500 3202 sunt
522 3148 709 3202 interstincta
724 3149 753 3202 in
768 3152 895 3221 utroque
912 3144 1023 3202 codice.
1054 3145 1190 3203 Varietas
1207 3145 1280 3201 sori-

211 3236 319 3305 pturae
351 3250 410 3288 non
441 3234 545 3307 paucis
578 3233 652 3288 loeis
685 3232 816 3289 deterior
849 3236 975 3304 apparet
991 3229 1100 3300 'codice
1122 3231 1278 3298 Muniano;

211 3333 301 3391 quam
333 3322 432 3376 tamen
465 3318 634 3392 singulatim
668 3321 806 3374 excutere
839 3319 980 3374 intentis
1014 3315 1144 3372 tenebris
1173 3333 1279 3389 parum

212 3401 352 3459 idoneum
379 3403 505 3461 videtur.
551 3405 662 3459 Vocem
691 3403 836 3478 singula
866 3421 931 3460 ev.
954 3403 1003 3460 30.
1026 3413 1094 3458 esse
1123 3400 1278 3474 delapsam

210 3488 240 3543 iu
262 3506 289 3545 v.
306 3489 355 3548 32.
379 3507 466 3545 nemo
488 3507 547 3545 uon
568 3488 665 3556 videt;
688 3493 719 3545 et
740 3507 830 3544 unum
852 3485 1061 3555 versamini.)
1077 3486 1274 3559 intercidisse,

209 3572 324 3649 absque
346 3576 440 3631 altero
465 3575 568 3631 codice
592 3579 686 3642 esset,
710 3577 776 3656 ipsa
799 3577 935 3630 carminis
957 3576 1034 3630 ratio
1058 3574 1131 3630 satia
1153 3572 1274 3628 indicat.

209 3658 315 3734 Itaque
339 3660 501 3716 differenda
523 3659 642 3718 videtur
663 3661 751 3716 huius
774 3661 876 3734 hymni
899 3677 969 3716 cura
985 3666 1016 3716 et
1030 3657 1156 3726 medela,
1180 3657 1276 3714 donec

208 3745 328 3802 fortuna
350 3747 416 3814 alia,
441 3753 471 3802 et
492 3748 620 3804 sortasse
643 3748 810 3821 antiquiora
832 3764 886 3820 pro
909 3747 1002 3820 ipsius
1024 3745 1127 3818 hymni
1149 3745 1276 3819 antiqui-

209 3835 281 3900 tate,
306 3833 440 3906 exempla
463 3832 611 3889 obtulerit.

293 3969 375 4026 Haec
399 3971 584 4044 scripseram.
631 3967 734 4026 Subito
766 3967 916 4024 cunctanti
946 3971 976 4024 et
999 3965 1145 4022 dubitanti
1175 3983 1211 4022 ex
1232 3965 1275 4023 vi·

207 4055 257 4112 tiis
281 4057 417 4112 carminis
439 4050 517 4112 nova
539 4057 664 4130 emergit
682 4057 740 4123 lux,
765 4071 824 4129 qua
840 4051 980 4110 tenebrae
995 4053 1112 4126 possint
1128 4049 1274 4124 dissipari.

206 4140 347 4198 Fortasse
369 4143 464 4198 latent
487 4139 540 4197 sub
563 4141 719 4197 latinarum
741 4157 848 4197 uocum
870 4139 1018 4218 monstriis
1036 4135 1159 4195 33-36
1182 4137 1274 4195 verba

205 4225 367 4296 hibernica,
390 4228 482 4284 latino
506 4229 633 4284 sermoni
656 4227 806 4301 adaptata.
851 4227 891 4282 At
912 4241 982 4282 vero
1005 4239 1072 4279 oum
1097 4224 1163 4296 ipse
1185 4222 1275 4280 Celti·

206 4331 309 4370 carum
338 4314 506 4388 linguarum
538 4331 661 4388 prorsus
693 4315 815 4386 ignarus
848 4313 918 4379 sim,
965 4307 1047 4366 adire
1088 4325 1179 4364 ausus
1207 4326 1273 4365 sum

206 4399 366 4458 Hauricum
388 4399 532 4468 Leonem,
555 4415 653 4476 neque
676 4398 769 4456 deluit
790 4399 908 4475 roganti
931 4397 1042 4454 Summi
1063 4395 1118 4453 viri
1138 4395 1273 4454 humani·
