2904 5028
255 651 259 666 ,
311 575 517 678 Gabrielem
536 597 746 646 vinceremur
768 577 1008 666 comminante
1030 582 1201 648 nundum.

359 677 415 732 'De
435 679 461 732 S.
481 678 613 733 Gabriele
635 683 777 749 archang.
797 682 881 739 Brer.
899 682 1137 737 Praedicatorum.

256 811 258 816 ’
304 791 472 850 Gabrielem
494 810 669 850 veneremur
691 797 797 852 summi
818 795 899 874 regis
921 797 1064 863 nuntium,

302 896 358 953 per
380 895 469 953 quem
489 879 574 936 Deus
590 877 746 954 *delegavit
768 891 862 938 suurn?
876 882 1078 949 ministerium,

303 963 411 1020 mundo
434 964 520 1038 lapso
543 965 704 1022 nuntiando
727 965 835 1035 lesum,
858 967 912 1023 Dei
934 967 1035 1024 illium.
1170 973 1175 978 “
1215 961 1219 966 ’

305 1083 434 1152 Gabriel,
458 1069 551 1142 virtus
576 1083 683 1154 divina,
707 1084 820 1144 debiles
843 1087 978 1154 fortifica,
1048 1165 1051 1172 γ

261 1170 279 1227 5
302 1174 335 1225 ut
356 1171 509 1228 vincamus
531 1171 681 1231 inimicum
702 1173 768 1246 ipse
787 1189 845 1232 ‚nos
870 1171 1040 1240 corrobora,

303 1261 333 1312 et
355 1261 388 1313 ut
410 1255 515 1330 lapsus
538 1259 727 1314 remittantur
749 1259 814 1332 ipse
837 1257 922 1315 nobis
945 1259 1080 1331 impetra.

258 1375 266 1386 '
301 1373 436 1452 Angelus
458 1375 651 1450 inmundum
673 1378 783 1434 missus
805 1376 845 1433 ad
865 1377 978 1452 Mariae
1000 1375 1171 1444 thalamum,
1216 1370 1219 1372 ’

302 1465 332 1517 te
356 1461 452 1521 solum
473 1461 554 1520 Deus
579 1463 671 1538 clegit
694 1481 780 1522 suurn
803 1465 1011 1530 secretarium;
1176 1521 1180 1528 ,

302 1551 420 1603 nostras
443 1549 605 1622 preces'tu
627 1554 788 1623 praesenta
811 1555 880 1605 ante
903 1549 979 1605 coeli
1002 1546 1159 1608 dominum.
1209 1627 1214 1637 ,

242 1665 279 1726 10
303 1665 404 1723 Gloria
427 1671 458 1722 et
478 1667 574 1723 honor
596 1667 659 1724 Deo
683 1685 901 1743 usquequaque
925 1660 1079 1735 altissimo,

176 1801 188 1830 Ι
302 1769 362 1808 una
383 1751 466 1814 Patri
488 1753 631 1828 Filioque,
655 1753 767 1827 inclyto
790 1751 951 1822 Porsena,

301 1839 352 1913 qui
374 1842 419 1894 tot
432 1837 520 1898 dona
542 1839 727 1898 condonavit
744 1837 875 1898 Gabrieli
898 1837 1098 1912 Archangelo.

476 2031 632 2105 Summis
654 2037 703 2102 ad
724 2039 828 2104 ostro
849 2031 1024 2102 laudibus.
1125 2022 1129 2031 ’

249 2133 294 2188 De
313 2133 340 2188 S.
360 2134 511 2190 Catharina
527 2135 621 2193 Flisca
636 2136 755 2196 Adurna
769 2135 868 2193 Vidua.
903 2134 944 2190 Ex
961 2131 1108 2189 Breviario
1126 2131 1252 2186 Romano

267 2203 405 2272 impresso
424 2203 552 2293 venetiis
564 2203 944 2328 1757,aq}1{anttpeisatuptropria
956 2201 1123 2256 Sanctorum
1136 2200 1234 2254 Italiae

280 2384 407 2442 Summis
431 2383 468 2442 ad
491 2390 574 2443 astra
599 2385 736 2442 laudibus
816 2385 886 2442 Mox
909 2389 939 2441 et
960 2381 1089 2458 flagellis
1113 2385 1271 2440 conterens

279 2471 418 2528 tollamus
442 2489 544 2528 onmes
567 2470 714 2540 feminam,
816 2476 899 2529 artus
921 2469 1050 2548 rebelles
1072 2469 1190 2544 iugiter.
1274 2477 1283 2486 '

279 2573 357 2631 quac
381 2559 549 2614 sanctitatis
573 2559 668 2632 gloria
816 2555 926 2616 Christi
949 2551 1084 2611 dolorum
1104 2555 1257 2628 particeps

281 2648 373 2716 auget
395 2641 487 2699 decus
510 2643 657 2718 Liguriae.
815 2641 919 2698 crebro
943 2645 1074 2696 meretur
1097 2641 1183 2696 effici.

219 2761 254 2822 ,5
278 2761 383 2828 Beata,
407 2741 492 2819 0ῦὶῠέ
513 2764 614 2819 010ῐο0
749 2779 790 2840 25
814 2777 943 2838 Turbam
958 2779 1286 2857 iacentempauperum

243 2869 245 2874 ·
278 2847 373 2904 latere
396 2850 533 2904 nesciens
557 2850 622 2904 sinu
814 2881 903 2940 quam
927 2863 1008 2920 dirus
1025 2879 1119 2938 angor
1134 2862 1284 2936 opprimit,

278 2933 349 2990 foris
372 2933 496 2989 inundat
518 2935 637 3002 caritas,
815 2967 870 3006 ceu
878 2947 1010 3006 membra
1018 2947 1128 3004 Christi
1142 2945 1284 3021 languida
1391 2937 1398 2952 ’

279 3020 411 3092 imisque
434 3019 571 3108 membri?
595 3024 721 3075 aestuat·
813 3041 949 3091 matrona
972 3029 1102 3090 clemens
1129 3033 1281 3090 confovet.

278 3136 400 3194 Menses
421 3155 476 3212 per
499 3140 566 3194 anni
589 3139 731 3194 circulum
816 3171 897 3246 Opes

218 3223 256 3282 10
278 3224 376 3280 ieiuna
398 3224 500 3297 plures
522 3225 672 3299 transigis,

193 3310 203 3317 ”
231 3307 234 3315 ’
281 3308 346 3365 solo
369 3307 553 3383 Angelorum
573 3309 683 3382 pabulo

278 3395 369 3451 vitam
391 3394 541 3467 labantem
565 3397 724 3450 sustinens.

921 3187 1068 3246 opemque
1092 3169 1248 3225 conferens

750 3257 791 3318 30
813 3258 924 3332 vilique
946 3257 1075 3331 iungens
1096 3271 1227 3322 munere,

812 3344 975 3416 prosternit
996 3342 1054 3398 illis
1076 3340 1214 3406 lectulos,

814 3427 978 3504 sordesque
1000 3431 1111 3505 purgat
1133 3424 1247 3482 sedula.
1307 3501 1315 3508 „
1363 3479 1370 3490 ,

277 3513 354 3570 Dum
380 3519 478 3581 mente
507 3514 657 3570 Christum
680 3531 748 3570 con·
937 3565 943 3580 ,
1112 3565 1118 3576 ,
1230 3563 1236 3576 ,

622 3601 694 3674 cipit
813 3564 878 3634 Quo
895 3581 1023 3641 quisque
1038 3564 1136 3638 plagis
1158 3560 1283 3631 foedior,

276 3685 415 3742 membris
430 3686 571 3741 fluentem
593 3685 746 3760 sanguine,
812 3652 882 3707 ΜΩ
904 3651 956 3710 1¹¹²
979 3649 1268 3724 081ἺῆῬῑθῑῧῐθῐῑθῖν

216 3770 253 3830 15
277 3770 383 3828 ard010
404 3777 512 3845 pectus
534 3772 636 3828 intimo
745 3737 788 3799 ’35
811 3737 911 3794 tabem
933 3753 988 3792 nec
1010 3736 1115 3792 horret
1139 3733 1281 3802 ulcerum,

279 3858 369 3913 sentit
390 3863 514 3931 repente
529 3859 655 3932 corripi.
715 3861 718 3865 -
782 3909 787 3920 ι
811 3823 933 3880 horrere
947 3825 1053 3879 'nescit
1076 3825 1223 3878 cantas·

218 4017 221 4024 ,
275 3975 352 4033 Hine
375 3973 479 4034 sancto
503 3995 602 4034 amore
630 3977 732 4034 saucia
810 3977 873 4034 Deo
895 3967 977 4033 Patri
1001 3978 1040 4034 sit
1063 3974 1167 4050 gloria,
1235 3973 1238 3980 '

276 4066 395 4118 terrena
418 4069 525 4120 cuncta
548 4063 687 4135 despicit:
811 4068 841 4118 et
863 4063 944 4136 Filio,
969 4063 1020 4136 qui
1043 4078 1061 4117 a
1083 4059 1207 4116 mortuis

277 4147 403 4206 adversa
425 4149 483 4205 iert
505 4149 651 4216 alacriter,
812 4151 947 4216 surrexit,
971 4165 1007 4204 ac
1029 4146 1178 4203 Paraclito

213 4230 255 4292 20
276 4233 541 4308 patique‘quaerit
563 4237 657 4290 unice.
749 4233 791 4291 to
813 4233 843 4289 in
866 4235 1046 4308 sempiterna
1069 4231 1198 4288 saecula.
