2732 5026
294 606 339 664 De
361 605 479 680 hymnis
500 593 631 660 metricis
661 601 749 662 valde
780 569 943 662 curandum
966 607 1029 670 est,
1059 615 1097 662 ue
1119 607 1276 660 cantentur

211 695 311 768 aliqui,
334 693 391 748 nisi
414 689 571 766 approbati
594 694 625 744 et
647 687 727 745 editi.
771 686 902 764 Reprobi
931 693 1032 744 autem
1060 693 1094 744 ut
1122 689 1280 763 plurimum

210 780 294 835 nosci
315 780 452 852 possunt,
475 775 524 833 vel
540 777 610 851 quia
631 793 691 831 non
714 780 784 830 sunt
800 775 967 849 generales,
991 774 1040 832 vel
1062 776 1133 850 quia
1155 780 1280 846 metrum
1352 809 1355 814 -

210 865 323 921 habent
345 865 526 936 corruptum.
569 859 619 916 Ad
639 859 768 917 Primam
791 865 906 927 autem,
930 859 1077 928 Tertiam,
1109 859 1230 917 Seritam
1252 865 1281 916 et

96 982 103 992 ,
210 951 326 1020 Nonam
348 948 457 1022 Hymni
484 947 620 1004 consueti
649 963 731 1003 more
753 946 887 1004 Romano
913 963 973 1002 non
1001 951 1170 1014 mutantur,
1202 947 1233 1002 et
1254 947 1282 1002 in

153 1041 155 1044 ’
210 1035 316 1094 minori
338 1033 572 1108 congregatione
596 1031 650 1090 suh
680 1032 760 1088 facili
787 1031 870 1088 Tono
901 1033 1014 1090 servari
1044 1029 1162 1088 debent.
1208 1031 1283 1088 Nam

210 1121 268 1177 hoc
292 1119 472 1195 generaliter
495 1116 723 1176 custodiendum
745 1123 813 1185 est,¹
838 1122 872 1174 ut
901 1119 1033 1192 quinque
1055 1133 1167 1192 parvae
1190 1115 1282 1173 horae

212 1207 266 1263 sub
285 1205 456 1262 humilitate
472 1208 637 1270 serventur,
661 1208 692 1260 et
713 1208 775 1260 tres
791 1205 919 1260 maiores
931 1203 1068 1260 festivius
1084 1203 1281 1264 celebrentur.

210 1290 259 1348 Ad
282 1290 363 1368 quod
385 1287 503 1348 accedit
531 1290 696 1350 auctoritas
724 1288 806 1346 beati
827 1287 999 1358 Benedicti,
1030 1291 1081 1364 qui
1109 1290 1140 1349 in
1168 1290 1282 1372 minore

211 1377 445 1454 congregatione
467 1374 603 1430 Psahnos
626 1376 656 1432 in
682 1375 783 1448 parvis
813 1375 896 1432 horis
925 1373 1096 1432 directanee
1127 1373 1185 1432 dici
1213 1391 1283 1448 per

212 1465 310 1519 mittit.
354 1457 532 1536 Aliquorum
546 1465 646 1516 autem
669 1463 864 1535 congregatio
880 1461 985 1534 paucis
1008 1459 1192 1536 temporibus
1214 1460 1283 1516 iilos

210 1547 353 1607 horarum
373 1547 502 1620 hymnos
529 1550 632 1602 cantat
661 1545 716 1602 suh
739 1545 822 1602 Tono
852 1535 1040 1614 festivitatis,
1067 1547 1170 1604 ultimo
1193 1563 1285 1604 versu

210 1637 334 1692 variato.
377 1631 415 1687 Et
444 1632 610 1706 aliquorum
630 1649 703 1687 usus
726 1631 764 1688 ad
782 1631 920 1700 Primam,
944 1631 1085 1699 Tertiam,
1108 1631 1232 1690 Sextum
1254 1637 1285 1688 et

209 1720 335 1787 Nonam,
359 1722 494 1792 tempore
510 1717 625 1774 Natalis
644 1717 770 1785 Domini,
793 1717 885 1776 habet
906 1718 1057 1792 Hymnum
1076 1716 1284 1792 Agnoscat,
1309 1768 1314 1775 ,

211 1807 262 1880 qui
288 1807 318 1861 in
344 1804 514 1878 Hymnariis
547 1803 688 1860 Romanis
717 1805 873 1877 reperitur.
928 1801 988 1860 Sed
1015 1805 1066 1878 qui
1092 1801 1229 1878 quotidie
1257 1804 1286 1859 in

210 1889 433 1948 Festivitalibus
448 1889 583 1962 Hymnus
599 1893 760 1946 consuetos
776 1891 924 1959 omittunt,
948 1887 1033 1946 etad
1055 1887 1177 1946 easdem
1191 1889 1285 1945 horas

80 2051 88 2062 Ι
174 1989 176 1994 ·
211 1975 346 2036 dividunt
367 1975 511 2050 hymnum
532 1975 725 2042 Pestivitatis,
749 1992 805 2031 neo
835 1976 1045 2032 auctoritatem
1072 1975 1198 2043 habent,
1228 1989 1285 2032 nec

211 2063 387 2137 exemplum,
402 2060 466 2118 ¹sed
487 2062 608 2118 nimium
631 2061 802 2117 abutuntur.
846 2061 919 2118 Ideo
948 2059 1017 2119 illos
1040 2061 1127 2135 sequi
1147 2077 1210 2118 non
1235 2059 1286 2116 de-

208 2149 300 2206 betis:
325 2147 380 2204 sed
401 2148 431 2204 in
453 2147 556 2224 humili
580 2147 814 2220 congregatidne
840 2151 958 2214 vestra,
985 2146 1148 2204 humillima
1172 2145 1286 2203 decan·
1316 2198 1319 2202 .

210 2239 283 2292 tare.
330 2232 387 2301 Qui
410 2233 439 2288 in
463 2231 664 2308 completorio
694 2233 844 2306 Hymnum
871 2237 943 2306 post
972 2231 1142 2306 Capitulum
1169 2230 1285 2300 dicunt,
1309 2253 1312 2261 ’

210 2324 304 2394 agunt
327 2323 431 2374 contra
454 2319 662 2374 auctoritatem
677 2317 849 2386 Romanam,
873 2320 904 2374 et
919 2317 1061 2374 Ordinem
1082 2317 1163 2386 beati
1185 2317 1286 2376 Bene-

211 2406 291 2472 dicti,
314 2405 344 2459 in
367 2419 494 2477 quorum
516 2402 629 2460 Officiis
653 2405 754 2460 statim
782 2407 853 2477 post
875 2403 1012 2460 Psalmos
1041 2404 1175 2471 locatur,
1204 2406 1288 2462 'sicut

210 2493 239 2548 in
262 2491 327 2566 aliis
351 2493 480 2564 quatuor
501 2490 601 2562 parvis
623 2489 707 2548 horis
736 2489 872 2563 Hymnus
893 2487 1008 2546 dicitur
1035 2494 1105 2546 ante
1132 2487 1285 2546 Psalmos.

197 2577 248 2634 'Et
269 2578 299 2632 in
314 2574 520 2642 Ambrosiano,
543 2579 605 2631 tam
625 2576 656 2630 in
671 2575 881 2649 completorio,
906 2593 996 2650 quam
1010 2577 1040 2632 iu
1056 2573 1169 2632 eisdem
1179 2577 1288 2650 parvis

209 2663 291 2720 horis
315 2660 423 2718 dicitur
438 2661 573 2718 similiter
595 2665 664 2716 ante
679 2660 837 2726 Psalmos„
862 2661 1024 2718 Praeterea
1038 2662 1068 2717 in
1083 2659 1289 2718 Ambrosiano

141 2744 146 2751 ’
210 2749 316 2806 Officio
340 2747 378 2804 ad
392 2745 556 2803 Matutinus
580 2763 698 2826 semper
721 2745 859 2802 dicuntur
875 2745 933 2803 duo
956 2747 1067 2821 hymni,
1090 2748 1119 2802 in
1134 2747 1288 2822 principio

210 2839 241 2892 et
262 2835 292 2890 in
314 2835 381 2890 fine.
419 2833 457 2888 Et
480 2833 614 2888 similiter
632 2834 662 2888 in
684 2831 817 2889 Romanu
841 2837 872 2890 et
890 2831 1085 2890 Benedictino
1102 2831 1225 2901 Oiiicio,
1250 2831 1289 2890 ad

210 2919 381 2977 Nocturnos
405 2917 512 2974 dicitur
533 2935 610 2974 unus
632 2917 771 2992 hymnus,
795 2923 826 2974 et
848 2917 888 2974 ad
907 2917 1028 2976 Laudes
1051 2918 1138 2976 alter:
1169 2923 1203 2974 et
1228 2919 1289 2974 hoc

210 3009 332 3070 servant
348 3021 452 3060 omnes
467 3003 612 3078 Religiosi
628 3011 658 3060 et
671 3004 776 3072 Italici,
800 3003 907 3061 Gallici
923 3009 954 3060 et
968 3003 1100 3079 Anglici;
1122 3003 1291 3062 Alemanni

210 3096 311 3148 autem
332 3091 362 3146 in
383 3089 442 3144 hoc
458 3088 650 3164 degenerant,
675 3089 713 3145 sd
727 3089 897 3149 Nocturnos
914 3090 1030 3146 nullum
1053 3088 1165 3157 dicunt,
1190 3096 1228 3147 et
1250 3087 1290 3146 od

168 3208 170 3212 ·
209 3175 330 3236 Laudes
351 3191 429 3232 raro.
466 3175 510 3232 Ex
532 3174 639 3250 quihus
661 3174 778 3244 videtis,
803 3193 879 3251 quos
900 3177 986 3251 sequi
1001 3174 1147 3243 debeatis,
1170 3175 1291 3250 Hymni

211 3267 311 3320 autem
327 3261 557 3336 subsequentes,
579 3260 718 3318 videntur
733 3259 919 3322 observandi.
956 3261 991 3320 In
1005 3261 1137 3319 adventu
1153 3260 1195 3328 ad
1212 3263 1292 3320 Ves-

209 3365 309 3424 peras,
355 3345 550 3404 Conditor:
580 3345 629 3402 Ad
650 3347 830 3416 Nocturnus,
874 3346 1046 3406 Verbum:
1076 3346 1125 3406 Ad
1145 3340 1319 3406 Laudem

208 3435 282 3494 Vox
304 3434 419 3492 clara:
443 3431 492 3490 Ad
514 3432 755 3507 completorium,
779 3432 944 3490 secundum
966 3433 1092 3508 aliquos,
1112 3434 1210 3492 Veni
1235 3452 1291 3492 re-

210 3519 393 3595 demptor,
417 3521 469 3594 qui
491 3523 538 3575 est
560 3515 773 3576 Ambrosianus
797 3518 834 3576 de
856 3520 1020 3578 Nativitate
1040 3519 1168 3578 Domini.
1209 3521 1292 3592 Item

212 3607 249 3664 de
270 3607 434 3664 Nativitate
458 3603 497 3660 ad
518 3605 677 3679 vesperas,
701 3603 729 3660 A
751 3605 854 3662 solis:
886 3605 935 3662 Ad
957 3605 1204 3680 Completorium,
1230 3605 1291 3664 Fit

209 3711 414 3730 -η--μ

209 3764 343 3832 ponderis
362 3769 414 3819 est.
436 3765 478 3818 Ex
496 3765 650 3818 carminum
667 3766 793 3827 numero]
812 3766 914 3833 quibus
941 3765 1009 3818 nihil
1038 3765 1204 3820 addendum
1225 3772 1291 3822 erat

209 3838 291 3886 taceo
314 3849 387 3900 quae
410 3851 427 3889 a
457 3833 605 3901 Radulpho
629 3839 891 3898 commemorantur,
922 3834 1032 3888 nomine
1056 3835 1149 3893 excito
1173 3835 1236 3891 tria
1262 3836 1290 3890 S.

210 3902 335 3954 Thomae
355 3903 390 3956 de
409 3901 436 3955 S.
449 3903 630 3955 Sacramenta
644 3903 767 3955 carmina
784 3903 901 3972 Pange
918 3903 1039 3970 lingua
1057 3901 1217 3971 gloriosi
1236 3904 1291 3958 Th.

209 3969 230 4022 I.
249 3987 275 4037 p.
294 3971 353 4026 251.
389 3970 500 4036 (Nealex
529 3971 597 4024 This
621 3973 707 4038 hymn
730 3975 856 4025 contests
878 3974 925 4024 the
945 3972 1050 4025 second
1072 3971 1153 4040 place
1177 3989 1291 4042 among

103 4099 111 4110 ἱ
208 4037 291 4090 those
310 4039 341 4090 oi
355 4040 403 4092 the
421 4039 553 4092 Wostern
576 4037 687 4092 (ihurch
709 4039 779 4093 with
802 4043 849 4094 the
878 4039 981 4092 Vexillu
997 4039 1089 4106 Regia,
1113 4041 1163 4093 the
1185 4039 1293 4094 Stabat

208 4105 305 4169 Mater,
323 4108 370 4160 tho
387 4105 453 4160 Jesu
471 4109 553 4162 dulcis
570 4109 708 4170 memoria,
726 4109 777 4164 the
791 4109 835 4161 Ad
849 4109 949 4176 Reyiua
965 4107 1032 4174 Ayst
1054 4109 1151 4177 dapes,
1173 4110 1229 4164 the
1248 4110 1293 4166 Aa

209 4189 358 4242 supernum,
371 4177 432 4228 and
450 4191 502 4228 one
521 4181 628 4232 ortuo
647 4177 751 4239 others,
769 4177 884 4245 leaving
902 4179 949 4229 the
966 4175 1032 4229 Dies
1050 4179 1110 4230 irae
1126 4177 1155 4228 in
1173 4177 1217 4230 its
1238 4195 1291 4232 un-

210 4244 1021 4368 tttlllttttiin,iltuittilithi&
1034 4243 1291 4372 it‘mtitttl

157 4377 737 4450 4supernumprodiensl.p.2bi.
802 4331 822 4384 g
966 4329 1016 4382 'p'
1087 4355 1094 4368 .
