2728 5028
137 648 140 652 ¹
195 673 197 679 ’
261 659 356 717 Lacte
379 659 508 716 nutritur
530 659 614 716 cibun
637 619 820 734 angelorum,

262 745 358 800 fertur
379 746 522 818 innuptae
544 746 660 820 gremio
681 744 809 826 puellae,

263 832 314 904 qui
337 847 392 886 sua
413 831 474 886 late
498 829 609 886 ditione
632 836 765 886 terrae

388 914 547 990 pondera
568 915 666 1010 librat.

157 1033 241 1092 -25
265 1033 310 1090 Sit
333 1033 425 1092 decue
449 1053 563 1092 summo
587 1036 650 1092 sine
672 1035 731 1092 fine
754 1035 882 1104 Christo,

264 1125 369 1178 saneta
391 1137 479 1196 quem
500 1123 586 1195 virgo
609 1121 714 1196 genuit
733 1120 870 1189 Maria„

245 1207 315 1280 qui
335 1208 414 1280 patri
436 1223 558 1284 compar
579 1206 750 1280 flaminique
773 1211 877 1262 sancto

415 1293 552 1367 regnat'
545 1310 574 1347 ι6
597 1308 712 1348 aerum.

144 1409 230 1466 Thes.
247 1409 313 1484 I..p
329 1410 400 1470 226.
423 1411 512 1468 Μο66
527 1410 564 1468 II
578 1429 607 1486 p
621 1410 677 1470 62:
715 1411 767 1467 Hs.
791 1411 843 1467 der
857 1412 1125 1470 Ambrosianum
1223 1451 1226 1456 ι

12 1489 14 1548 ᾖ
76 1493 224 1552 6666666616
235 1513 271 1552 zu
283 1495 421 1565 Morlond
436 1499 467 1554 F
478 1497 524 1554 13.
540 1497 590 1552 des
602 1497 648 1554 15
662 1497 761 1553 sant
785 1497 845 1553 Das
855 1497 929 1554 Lied
940 1501 981 1554 ist
994 1517 1047 1555 oon
1061 1499 1130 1556 Per-

12 1599 13 1604 *
76 1595 118 1634 rus
128 1579 258 1639 Damiani
271 1582 332 1640 uad
343 1583 444 1640 steht
432 1602 462 1640 m
477 1585 579 1640 666666
600 1581 723 1640 Werlcen
741 1583 830 1640 Germ.
846 1583 899 1639 No.
915 1581 988 1639 47:
977 1603 1006 1640 m
1021 1603 1131 1641 ossum·

71 1666 184 1760 priorem
206 1667 246 1724 ad
265 1655 409 1742 coeperas.
432 1696 476 1706 -
497 1667 531 1723 In
552 1669 713 1724 recentiori
736 1668 962 1725 Carmelitarum
976 1669 1128 1726 Breviario

12 1751 40 1792 ι’
74 1749 335 1826 inAssumptione.
364 1753 391 1812 6.
413 1755 517 1828 petit.
545 1753 591 1811 10.
619 1755 666 1810 11.
690 1757 734 1808 66
748 1756 1027 1812 sacrivateset
992 1771 1129 1829 eapo-

12 1875 19 1906 .
75 1835 241 1894 stolorum
262 1837 347 1894 ordo
370 1840 571 1913 praelatam
594 1838 665 1894 cibi
688 1841 805 1895 cernit
820 1853 931 1895 unam
954 1841 1003 1898 23.
1021 1841 1129 1928 latae.

12 1941 13 2000 p
60 1917 115 1976 27.
136 1924 282 1996 spiritui
305 1929 439 1982 nancto.
535 1935 543 1946 “

205 2127 207 2140 “
278 2113 462 2186 celsorum
485 2121 610 2188 666666
631 2115 749 2194 inclita
767 2120 912 2204 paedia.
935 2178 944 2185 ,

323 2293 330 2300 .
363 2219 409 2274 De
432 2221 459 2274 S.
476 2221 823 2290 RaphaeleArchangelo.

213 2331 368 2389 Celsorum
390 2335 498 2392 civium
519 2335 621 2392 inclita
643 2333 753 2410 gaudia

213 2433 353 2475 canamus
377 2421 450 2476 socii
472 2421 612 2496 sectaque
634 2422 731 2489 fortia,

212 2521 280 2560 nam
303 2501 391 2561 decet
412 2507 527 2562 animus
549 2512 583 2562 66
606 2512 694 2564 canat
716 2506 833 2563 dulcius

213 2589 364 2647 coelorum
384 2589 490 2648 laudes
513 2594 687 2702 principum.
757 2593 766 2601 “

109 2709 252 2766 616
275 2713 344 2766 6666
365 2711 500 2786 precipui
522 2729 682 2786 regnorum
704 2711 854 2786 presidem

212 2794 340 2851 arcendo
364 2794 505 2852 demones
528 2815 678 2872 nunquam
701 2802 772 2876 sunt
793 2796 925 2866 desides;

211 2881 355 2937 resistunt
363 2877 524 2938 emulisu
526 2884 618 2940 ttsor
606 2889 653 2939 tes
675 2883 749 2940 milit
737 2887 808 2941 666
858 2951 862 2965 x

147 2972 154 2980 '
213 2971 328 3042 gygant
329 2985 379 3022 um
402 2984 498 3041 genus
520 2973 572 3042 opt
573 2970 671 3026 imum.
904 2965 915 2978 “

211 3083 341 3142 Prosunt
362 3086 393 3143 hi
414 3088 535 3161 proeliis
557 3106 639 3158 more
662 3051 834 3156 iurantium,

157 3171 194 3230 16
215 3172 390 3246 impugnant
413 3174 534 3248 spiritus
558 3175 621 3230 sine
644 3172 797 3242 vecordia3

171 3295 178 3302 -
213 3263 392 3314 concurrunt
415 3260 532 3326 conciti,
554 3264 644 3316 mene
660 3259 737 3316 bene
762 3259 882 3316 conscia
929 3273 934 3280 ·

212 3347 346 3417 reportet
367 3348 401 3424 66
423 3345 586 3401 victoriam.

213 3461 298 3531 Quae
318 3479 384 3530 vox,
408 3479 486 3537 quae
507 3466 619 3538 poterit
641 3467 915 3538 scriptura-texere
1007 3491 1008 3498 ι

120 3589 124 3594 .
213 3565 295 3622 quae
314 3549 425 3606 sanctie
449 3550 564 3624 angelis
588 3549 703 3626 dantur
718 3551 747 3606 in
770 3552 911 3606 munere?

153 3633 189 3691 16
212 3637 246 3690 ut
269 3651 340 3702 euos
363 3634 472 3690 milites
493 3637 612 3710 possint
633 3642 793 3711 protegere

213 3735 249 3774 ac
271 3713 356 3776 66666
380 3721 497 3778 tramite
521 3721 586 3778 celo
609 3720 758 3797 dirigere?

212 3837 266 3894 Te·
279 3855 394 3895 summa
415 3837 518 3896 Deitas
542 3839 649 3898 devote
672 3824 832 3916 poscimus,

146 3987 150 3995 ⁸
215 3929 218 3934 ’
212 3924 372 3998 uctulpae
396 3925 529 3999 singulas
552 3932 582 3983 et
603 3935 730 4026 poenam
753 3927 884 3984 auferas:

212 4025 281 4066 cum
303 4011 415 4067 6666616
438 4011 554 4086 angelis
576 4017 680 4068 nostra
702 4014 741 4068 sit
763 4011 858 4087 gloria

154 4092 194 4152 20
214 4113 270 4170 per
292 4101 400 4152 cuncta
423 4113 541 4186 semper
564 4097 674 4154 secula.

146 4212 238 4272 Neale
260 4214 421 4290 Hymnip
444 4217 516 4328 212
561 4215 713 4314 ErB1ev.
736 4175 1128 4287 HortordenritiIereiord).

525 4349 601 4355 .-,....-
618 4349 695 4358 -.ψ-η..
