2848 5030
788 839 797 876 i

272 1071 327 1144 De
355 1069 612 1163 Sequentiurii
637 1064 865 1144 iiotkor'iani
891 1069 1101 1144 codicibus.

182 1335 183 1338 ,
239 1282 366 1341 Codices
384 1296 463 1338 saec.
488 1279 537 1337 XI.
563 1277 670 1337 etXII.
696 1279 804 1354 quibus
819 1279 1136 1355 SequentiacNotkeri
1159 1296 1228 1337 con·

151 1371 286 1426 tineutur
308 1366 390 1424 haud
411 1368 471 1424 rari
496 1369 581 1432 sunt,
614 1364 668 1422 sed
690 1367 796 1422 mirum
818 1368 848 1422 in
870 1365 991 1424 modum
1013 1368 1091 1423 inter
1113 1383 1146 1422 sc
1169 1364 1229 1422 dis-

89 1453 104 1482 “
152 1471 205 1512 cre
228 1458 286 1510 ant.

206 1472 273 1595 pIn
295 1537 358 1596 MS.
382 1537 579 1606 Cluniaoensi,
603 1539 637 1594 ut
658 1535 848 1592 Mabiilonius
877 1539 984 1606 refert,
1016 1535 1161 1612 epistolae
1190 1535 1229 1592 ad

152 1623 349 1682 Lutwardum
371 1625 481 1680 missae
503 1623 580 1679 haec
603 1621 694 1680 verba
718 1620 934 1680 succedebant:
960 1623 1113 1697 „Incipit
1135 1622 1229 1679 liber

151 1711 378 1784 Hymnorum
398 1707 549 1766 Notkeri
570 1706 716 1764 Balbuli
733 1707 976 1765 caenobiotae
992 1705 1229 1777 (coenobitae)

154 1795 187 1852 S.
216 1788 342 1852 Galli.“
387 1792 501 1850 Deinde
531 1793 720 1850 Mabillonius
754 1797 817 1848 tres
846 1793 1024 1868 Sequentias
1053 1793 1109 1849 has
1140 1794 1227 1849 citat:

153 1881 240 1936 Dies
272 1881 533 1936 sanctificatus
563 1880 593 1935 in
622 1877 722 1934 Natali
751 1877 875 1936 Domini.
919 1877 947 1934 Α
977 1877 1065 1935 solis
1096 1895 1230 1934 occasu
1321 1909 1326 1920 ›

154 1963 193 2022 de
216 1963 464 2022 S.'Coiumbano.
503 1963 646 2022 Christe
669 1963 777 2020 unica
801 1979 888 2038 spes
912 1962 949 2020 de
972 1963 1001 2020 S.
1026 1963 1119 2024 Gallo.
1150 1961 1233 2032 Quo.-

152 2067 223 2112 rum
243 2049 281 2106 de
303 2051 399 2126 prima
422 2064 571 2125 nusquam
593 2047 663 2106 alibi
685 2048 749 2104 ulla
768 2049 803 2104 fit
818 2047 975 2117 mentio*);
999 2048 1103 2117 alteru,
1122 2047 1153 2106 A
1176 2066 1229 2106 so·

152 2137 203 2193 lie
226 2151 380 2204 occasu,
408 2133 489 2192 haud
513 2133 601 2193 dubie
622 2132 793 2198 Ekkehardi
822 2136 942 2193 maioris
972 2139 1034 2203 est3
1064 2131 1147 2208 quod
1168 2150 1230 2192 ma·

152 2221 263 2278 nifesto
289 2226 335 2277 est
358 2220 548 2288 documento,
570 2222 601 2276 iu
622 2219 675 2276 illo
699 2219 804 2276 codice
831 2237 886 2279 ms.
908 2235 967 2276 non
990 2220 1083 2278 solius
1105 2219 1234 2284 Notkeri,

93 2366 100 2374 ,
154 2305 334 2381 Sequentias
358 2307 545 2380 conscriptas
567 2295 668 2362 suisse‘.
880 2365 883 2374 ,

240 2391 306 2446 Non
330 2391 416 2448 aliter
438 2408 487 2447 res
510 2389 602 2447 habet
624 2391 653 2446 in
677 2387 780 2446 codiee
804 2389 833 2446 S.
849 2389 1018 2448 Emmerani
1041 2407 1076 2446 ex
1098 2407 1157 2465 quo
1174 2389 1231 2448 Pe·

87 2501 90 2504 ·
154 2478 218 2534 zius
240 2477 259 2532 l.
283 2493 360 2549 o..p.
388 2477 518 2536 18-42.
550 2476 728 2550 Sequentias
751 2475 875 2532 Notkeri
896 2479 978 2550 typis
1000 2475 1159 2534 mandavit.
1195 2475 1232 2531 In

155 2579 226 2638 quo,
250 2563 385 2636 quamvis
408 2558 498 2618 Pezio
526 2577 703 2634 persuasum
727 2563 781 2629 eit,
813 2563 979 2631 „neminem
1007 2561 1154 2630 futurum,
1178 2561 1230 2636 qui

154 2648 244 2716 hunc,
269 2663 358 2721 quem
380 2645 505 2714 edimus,
529 2647 758 2720 Sequentiarum
786 2646 894 2702 librum
923 2647 1002 2702 ausit
1022 2646 1156 2718 Notkero
1179 2647 1231 2702 ab·

154 2726 318 2799 iudicaro“,
342 2733 456 2806 pariter.
477 2731 565 2788 valde
595 2731 775 2805 interpolata
805 2733 922 2806 sylloge
953 2737 1058 2788 exstat.
1094 2731 1148 2788 ‘Ac
1170 2733 1230 2806 pri·

155 2835 234 2873 mum
257 2816 378 2892 quidem
401 2823 463 2873 tres
486 2817 609 2873 ultimae
633 2813 830 2892 sequentiae,
853 2815 1061 2874 Benedicta
1083 2819 1234 2891 semper

156 2901 194 2960 dc
217 2903 246 2958 S.
270 2901 425 2960 Trinitate.
471 2901 574 2958 Alma
604 2901 738 2959 chorus
769 2899 805 2958 de
836 2901 864 2958 S.
888 2901 1040 2959 Trinitatc.
1085 2902 1230 2960 Exulta-

155 3003 234 3044 mus
256 2989 293 3044 in
315 2989 388 3044 ista
411 2986 449 3043 de
465 2985 493 3043 S.
510 2987 653 3062 Dionysio
671 2987 856 3062 Areopagites
878 3005 936 3044 non
953 2994 999 3044 cst
1016 2987 1136 3044 dubium
1159 2989 1230 3062 quin

156 3075 216 3130 sint
239 3074 333 3129 serius
357 3071 485 3129 additae.
517 3072 621 3129 Annus
645 3072 869 3130 ecclesiasticus
899 3075 976 3130 enim
998 3091 1045 3130 no.
1071 3074 1119 3134 33.
1166 3073 1230 3144 „De
1364 3141 1366 3148 .

153 3151 354 3232 Virginibus“‚
378 3159 467 3234 plane
491 3159 645 3216 consectus
669 3163 732 3226 est3
763 3175 822 3233 quo
853 3158 984 3227 aceedit,
1010 3157 1091 3234 quod
1118 3176 1166 3218 no.
1189 3157 1229 3216 35
1331 3229 1338 3234 ,

100 3240 105 3246 ’
155 3242 255 3300 indole
279 3248 327 3300 est
349 3238 474 3317 prorsus
498 3243 556 3300 alia
579 3261 613 3300 ae
630 3243 764 3318 reliquae
787 3259 862 3320 quas
885 3244 1160 3321 novimus-Notkeri
1183 3260 1230 3300 se-

156 3331 298 3405 quentiae
322 3345 438 3397 omncs3
462 3327 648 3404 actionique
672 3327 752 3404 quod
780 3347 826 3385 no.
849 3329 899 3388 36.
944 3330 1155 3387 Ratisbonensi
1183 3345 1232 3386 ce-

157 3415 268 3472 clesiae
283 3415 485 3488 piivatissime
505 3415 564 3470 suit
578 3413 736 3482 destinata,
761 3417 808 3472 cui
824 3413 1002 3490 Sequentias
1026 3417 1230 3491 composuisse
1270 3415 1274 3424 '

156 3500 322 3560 Notkerum
345 3499 544 3574 nullapotcst
566 3515 633 3556 esse
650 3499 734 3556 fides.
773 3499 904 3558 Eandem
927 3501 964 3558 ob
981 3517 1102 3558 causam
1116 3517 1164 3559 uo.
1180 3501 1231 3566 21.

157 3588 189 3642 in
204 3583 368 3650 Patronum
387 3585 645 3652 Ratisboncnsem
671 3583 699 3641 S.
716 3585 923 3642 Emmeranum
937 3587 1017 3642 sacta
1032 3585 1164 3642 Notkero
1187 3590 1245 3640 te··
1266 3624 1268 3632 ·

156 3670 478 3746 mercadsignabitur.
525 3669 572 3727 Ad
596 3685 673 3746 quae
697 3675 806 3727 cuncta
835 3672 859 3727 si
887 3669 1041 3738 addimus,
1072 3668 1154 3748 quod
1181 3669 1231 3726 hic

157 3773 280 3832 quoque
302 3756 582 3815 Ekkehardicantio
605 3754 632 3811 Α
655 3755 747 3812 solis
771 3771 904 3812 occasu
920 3761 1049 3830 uecepts
1065 3762 1121 3824 est,
1144 3765 1238 3815 nemo.

157 3843 258 3898 iacere
269 3843 394 3915 poterit
405 3844 476 3916 quin
499 3842 601 3900 uideat
617 3841 697 3897 Pcuii
720 3839 855 3898 codicem
870 3841 1031 3898 scriofibus
1047 3841 1231 3898 additumcn*

157 3927 198 3983 tis
223 3939 291 3984 esse
313 3927 534 4002 interpolatum.
569 3927 680 3984 Contra
695 3925 883 3983 desideratur
898 3927 967 4002 Seq.
990 3927 1135 3983 Laudes
1157 3927 1231 3986 Deo
1292 3977 1296 3982 ,

158 4013 332 4068 concinat
354 4011 391 4068 ab
413 4015 479 4088 ipso
503 4013 635 4096 Notkeno
658 4013 687 4068 in
711 4013 839 4086 epistola
861 4011 899 4068 ad
921 4011 1124 4070 Luitwardum
1154 4029 1232 4074 com-

157 4102 330 4154 memorata.

229 4255 333 4324 'JNisi
351 4256 376 4310 si
401 4227 485 4310 Dies
516 4262 625 4311 sanct.
644 4259 682 4312 sit
700 4257 799 4310 titulus
827 4254 998 4326 Sequentiue
1023 4258 1133 4310 Natus
1151 4260 1242 4310 antu¹

159 4323 317 4388 saecula,
337 4323 398 4379 eine
415 4326 498 4379 titulo
517 4326 642 4395 alioquin
660 4325 852 4389 obvenientis;
871 4327 947 4394 quod
965 4327 1026 4380 veri
1045 4325 1138 4393 specie
1157 4325 1232 4377 haud

159 4409 260 4447 carere
278 4393 346 4446 mihi
363 4393 483 4448 videtur.
