2724 5026
61 647 151 704 Pauci
173 648 246 706 enim
270 647 413 721 explebe
434 643 600 704 israelitica
629 647 691 719 ipso
708 639 899 720 praedicante
927 645 1149 704 crediderunt:.

62 735 202 790 innumeri
224 749 292 790 cero
313 735 442 806 pontium
458 734 561 806 populi
579 733 657 788 'ciam
686 733 762 788 oilae
790 733 928 806 moriepte
958 722 1008 787 illo
1036 735 1128 792 secuti

19 803 34 868 ”,
60 825 151 886 11111,ν
182 817 265 888 Quod
286 819 357 874 bene
380 818 499 874 Samson
521 820 552 874 in
573 819 732 890 semetipso,
749 816 853 872 dudum
881 817 1046 889 fipuraliter
1076 834 1128 874 ex-

55 905 174 978 pressit,
199 893 248 976 ¹qni
264 922 376 978 pancos
399 903 520 976 quidem,
543 901 609 960 dum
638 905 762 970 ciceret,
793 903 954 970 interemit;
983 902 1129 960 destructo

61 996 154 1046 antem
178 991 289 1064 templa,
313 990 415 1048 1101101·
433 991 605 1069 innumeras,
628 1005 691 1044 oum
714 994 887 1059 moreretur,
921 987 1032 1044 occidit.
1077 987 1127 1048 27.

61 1073 191 1130 Trenoh:
220 1075 288 1140 This
311 1077 389 1147 quite
412 1075 644 1131 scnmarrantoble
666 1075 827 1146 etymoloqy
842 1073 879 1145 01
890 1072 1033 1130 Samson's
1047 1092 1129 1130 name

64 1157 110 1216 tire
126 1167 199 1234 poet
218 1160 272 1216 dos
299 1160 418 1217 derived
441 1161 519 1233 from
547 1161 675 1226 larome,
705 1159 767 1214 rollo
790 1158 945 1222 (omnam.
969 1158 1053 1221 Hel.)
1077 1177 1129 1216 ece-

56 1247 155 1320 plains
178 1245 316 1318 Samson:
340 1246 391 1302 Sol
411 1264 524 1312 aarum,
548 1247 595 1302 ael
614 1247 684 1304 solis
710 1245 855 1316 fortitudo
876 1256 919 1282 -·-
942 1244 1017 1302 tlleir
1047 1246 1127 1319 lith,

61 1349 103 1398 or,
128 1329 175 1388 tlte
198 1331 271 1404 liplct
292 1331 329 1403 01
346 1331 420 1387 taem
451 1332 518 1388 tlrat
541 1350 593 1386 are
621 1331 675 1388 liis.
725 1330 801 1386 Tlrus
824 1330 986 1402 dupustine
1009 1331 1128 1394 (Enarn.

61 1419 91 1476 in
113 1417 162 1472 Ps.
186 1415 295 1472 IXXX.
319 1415 387 1480 10):
415 1417 492 1473 Unde
514 1417 642 1482 Samson,
657 1424 769 1484 noster,
792 1417 842 1488 qui
871 1418 956 1471 etiam
985 1418 1129 1491 interpre-

63 1508 141 1559 tatur
164 1501 216 1558 Sol
236 1505 372 1575 ipsorum,
395 1520 493 1558 eorum
522 1505 635 1558 scilicet
663 1503 766 1575 quibus
795 1503 886 1566 lucet;
912 1518 969 1556 non
996 1505 1127 1558 omnium

61 1589 148 1644 sicuti
169 1594 215 1643 est
236 1589 333 1644 orien's
354 1606 443 1662 super
465 1589 605 1645 bonoset
624 1590 722 1654 malos,
745 1587 799 1642 sed
817 1579 864 1642 101
876 1587 1063 1658 quorundam,
1086 1589 1133 1644 sol

53 1675 200 1747 justitiae,
221 1675 346 1746 liparam
375 1676 450 1730 enim
479 1675 602 1730 habebat
634 1674 748 1730 Christi.
794 1671 843 1728 31.
867 1669 998 1726 Trench:
1021 1674 1130 1746 Amonp

64 1759 110 1814 tlte
135 1756 190 1816 Old
213 1753 377 1814 Testame'nt
400 1767 483 1834 types
504 1761 543 1830 01
555 1759 651 1816 Christ
672 1757 732 1814 and
751 1757 797 1812 leis
810 1761 900 1823 crass,
925 1757 988 1812 1101
1002 1758 1040 1829 01
1047 1759 1129 1814 Num

31 1871 38 1887 ι
62 1843 147 1901 XIII.
170 1843 220 1911 23,
241 1843 303 1911 24,
331 1862 391 1900 mas
421 1863 491 1910 ever,
515 1845 639 1900 connted
666 1863 700 1900 as
728 1861 798 1899 one:
830 1843 895 1898 tlrus
923 1841 1010 1916 IIuplr
1033 1845 1071 1916 01
1088 1843 1150 1900 St·

69 1930 165 1986 Victor
187 1929 271 1992 (Inst.
286 1930 370 1996 Mor,
394 1931 418 1986 Ι.
442 1929 492 1993 41·
517 1929 647 1986 Christus
670 1937 715 1986 est
728 1929 838 1984 Botrus
859 1927 997 1983 de'terra
1007 1931 1132 2002 promis·

64 2016 155 2070 sionis
177 2014 373 2081 indescrtum
398 2017 576 2081 translotns;
600 2015 647 2070 tlte
667 2022 737 2088 tppe
759 2015 796 2084 01
814 2006 861 2068 110
875 2030 962 2069 ‘crass
984 2014 1068 2088 beina
1085 2015 1132 2070 tle
1207 2047 1210 2057 ι

59 2100 128 2174 pole
150 2117 185 2156 on
202 2101 292 2156 mlticli
316 2101 372 2157 tltis
395 2101 487 2157 lunclr
509 2102 546 2172 01
561 2115 668 2174 propes
683 2117 742 2155 nas
757 2098 927 2172 suspended.
970 2099 1132 2172 Aupnstine

65 2185 182 2248 (Enorr.
207 2186 236 2240 in
258 2186 307 2242 Ps.
338 2185 417 2244 VIII.
442 2187 486 2248 1).·
512 2187 583 2242 Nam
606 2193 644 2256 et
662 2187 782 2242 Verbum
805 2185 930 2240 diuinum
947 2192 1050 2258 potest
1075 2186 1131 2242 Uoc

64 2271 196 2344 intellipi.
241 2271 342 2328 Dictus
365 2279 410 2350 est
431 2274 505 2328 enim
527 2279 558 2328 et
570 2272 709 2327 Bominus
731 2272 830 2326 botrus
851 2275 933 2336 uuae,
957 2287 1039 2342 quem
1054 2271 1132 2344 liqna

61 2370 241 2440 suspensum,
265 2357 300 2412 de
317 2364 396 2414 terra
405 2359 617 2432 promissionis,
642 2359 692 2429 qui
707 2357 864 2430 praemissi
885 2363 971 2410 erant
991 2357 1140 2430 apopulo.
1237 2384 1239 2388 ·

61 2435 165 2509 Israel,
190 2449 325 2515 tanquam
347 2445 526 2516 crucifixum,
543 2444 711 2498 attulerunt.
749 2442 784 2496 In
810 2439 927 2498 Christ’s
936 2443 1058 2514 passion
1076 2443 1132 2499 11111

63 2527 154 2586 canen
184 2528 222 2600 01
243 2545 352 2604 propes
378 2531 441 2585 ’1001
472 2529 591 2584 trodden
621 2547 655 2584 as
683 2530 713 2584 in
744 2527 790 2582 tlte
817 2528 984 2621 minepress,
1007 2527 1066 2583 and
1086 2527 1132 2584 liis

62 2612 148 2670 blood
174 2631 208 2669 cs
239 2614 286 2669 tlte
315 2615 389 2670 mine
415 2614 518 2686 sloroed
544 2617 605 2670 into
577 2614 683 2670 ttlte
700 2613 838 2688 penetral
863 2629 896 2666 or
918 2595 1079 2691 ὑπολήνιον
1101 2613 1139 2700 01
1166 2611 1167 2615 ’

66 2699 113 2754 rae
151 2698 269 2755 Cliurclr
330 2699 369 2757 36
392 2699 526 2755 Treneh:
569 2700 627 2755 Tlre
656 2706 728 2772 poet
756 2699 809 2753 lias
851 2699 881 2752 in
911 2697 956 2752 liis
992 2715 1045 2771 epe
1081 2683 1131 2754 Ρ1

63 2781 485 2858 XXIX.12·.(Vulp)XXX
509 2785 552 2839 11
569 2785 616 2848 (Ε.
639 2784 699 2846 V.):
724 2783 879 2841 Concidisti
899 2799 1012 2839 saccum
1031 2801 1131 2840 meum
1155 2831 1157 2840 .
1193 2819 1197 2830 ι

41 2927 45 2943 Ι
64 2875 96 2924 et
116 2869 328 2926 circumdedisti
349 2889 394 2926 me
409 2873 519 2927 aetitia
524 2889 534 2936 ;
547 2887 622 2944 upon
638 2870 729 2925 mlzicll
744 2868 838 2926 mords
851 2868 1014 2940 Aupnsline
1028 2869 1139 2933 (Serm.

33 3003 37 3013 ,
63 2953 137 3019 336,
160 2972 183 3009 c.
210 2954 259 3018 4).·
282 2955 390 3012 Scccus
413 2958 476 3013 eius
490 2963 557 3012 erat
571 2955 728 3012 similitudo
743 2956 840 3010 carnis
849 2955 972 3028 peccati.
1010 2954 1046 3010 In
1062 2973 1133 3030 pas·

64 3041 147 3096 sione
169 3042 330 3096 conscissus
352 3049 398 3098 est
418 3060 526 3098 saccus.
570 3041 636 3098 And
657 3042 723 3098 then
740 3041 902 3116 presentlp‚
926 3039 994 3095 roilli
1010 3041 1133 3097 allusion

59 3132 95 3188 ‚to
120 3125 167 3180 tlte
188 3144 345 3198 soccnsms
369 3127 416 3184 tlte
432 3145 526 3204 purse
549 3146 582 3184 or
605 3128 659 3200 baq
675 3128 713 3198 01
721 3143 838 3198 money:
864 3125 1007 3182 Cortsoidit
1020 3144 1132 3183 saccum

65 3214 167 3278 lancea
199 3220 379 3286 persecutor,
417 3221 447 3269 et
476 3213 557 3284 fudit
582 3215 710 3286 pretium
731 3213 880 3268 ‘nostrum‘
906 3211 1068 3268 Redemtar.
1091 3239 1134 3248 -

68 3295 258 3353 Clicktooeus:
280 3297 315 3353 In
337 3299 453 3372 repoles
476 3300 582 3354 transit
595 3292 675 3364 usus,
699 3288 879 3372 quandoper
893 3300 1133 3355 resurrectionem

36 3392 40 3408 “
63 3383 291 3438 immortalitatis
312 3385 387 3439 stola
413 3401 518 3458 corpus
548 3391 593 3440 est
620 3384 765 3450 indutum,
796 3389 826 3438 et
853 3383 1134 3456 incorruptibilitatis

63 3469 173 3524 uirtute
188 3470 394 3542 praecinctum.
438 3469 487 3526 43.
510 3468 642 3525 Tiench:
692 3469 750 3524 Tlre
774 3474 846 3542 poet
870 3468 975 3541 noaino
998 3470 1065 3542 only
1087 3469 1135 3524 tlte

70 3553 192 3626 Vulpate
225 3554 325 3624 before
353 3555 419 3621 lim,
450 3557 480 3610 in
511 3555 602 3611 radioli
631 3555 666 3610 lte
693 3553 827 3626 found(
813 3553 895 3617 (Gen.
919 3553 970 3610 IV
993 3553 1063 3620 15.,)
1088 3549 1158 3609 'tlte'

62 3639 168 3706 mords,
172 3632 350 3713 Posuitque
371 3640 508 3696 Dominus
533 3641 601 3697 Cain
623 3643 745 3714 siquam,
769 3636 852 3714 (Cain
868 3637 951 3712 beina
967 3639 1138 3696 andeolined

64 3725 101 3797 by
126 3725 173 3780 tle
196 3723 377 3790 demutor),
400 3744 493 3781 seems
517 3731 544 3781 10
566 3726 638 3782 lave
659 3724 838 3782 understood
852 3724 899 3780 sne
909 3742 1037 3799 passape
1053 3725 1136 3780 tiens:

68 3810 152 3880 „Tlte
173 3809 253 3867 Lord
273 3818 319 3868 set
343 3811 410 3868 Cain
430 3805 502 3883 for
503 3829 520 3867 a
543 3804 1136 3885 1191111111110101,Τ1010111110

63 3896 149 3950 marla
171 3914 205 3952 or
227 3897 292 3970 sipn
315 3915 390 3971 upon
417 3889 515 3954 Cain.“
560 3897 615 3952 His
636 3897 764 3971 applicat
765 3897 812 3951 ion
828 3895 902 3965 ’01,1
890 3897 969 3952 11010
991 3895 1087 3952 mords
1109 3901 1137 3950 to

34 3987 42 3992 '
65 3981 115 4044 tlte
135 3981 242 4038 demisit
258 3983 373 4057 people‚
391 4001 431 4038 as
454 3983 502 4038 tlte
523 3989 610 4056 preat
630 3983 777 4038 collective
802 3981 879 4046 Cain,
912 3980 959 4036 tlte
986 3979 1152 4040 morderes.

64 4067 103 4138 01
119 4067 176 4123 lim
198 4067 293 4123 mliose
315 4068 399 4125 llood
418 4069 509 4142 spalce
531 4069 625 4124 letter
648 4068 743 4140 tltinps
767 4067 835 4122 tlcan
867 4067 929 4124 tlrat
957 4067 994 4139 01
1008 4067 1088 4133 Abel,
1111 4068 1138 4122 is
1165 4075 1171 4083 '

64 4169 120 4208 one
143 4154 173 4224 in
195 4152 345 4210 radiculae
366 4153 425 4209 naa
445 4171 530 4226 many
549 4155 750 4226 sorcrunnars.
792 4153 869 4224 They
886 4159 940 4218 too,
964 4154 988 4208 it
1001 4169 1059 4208 mus
1074 4150 1140 4207 said

64 4255 144 4293 mere
166 4243 216 4292 nat
236 4238 398 4312 destroyed,
423 4240 472 4296 bnt
492 4240 578 4296 coltile
607 4239 690 4296 otlcer
718 4239 834 4294 nations
862 4255 938 4294 mere
965 4236 1055 4309 fused
1082 4235 1141 4295 and

65 4321 210 4381 absorbed
223 4323 283 4379 and
303 4325 359 4382 lost
381 4327 411 4380 iu
434 4325 482 4382 tlte
502 4333 589 4398 preat
598 4325 713 4382 Ilomon
736 4323 834 4390 marld,
859 4323 925 4395 tlrey
940 4322 1030 4378 alode
1044 4327 1138 4397 apart,

63 4411 152 4483 leina
175 4415 226 4466 not
245 4410 331 4476 dein,
355 4410 466 4484 despite
490 4411 572 4466 their
586 4412 646 4478 sin,
670 4411 721 4466 111
747 4418 794 4466 set
819 4410 870 4480 sor
898 4425 936 4464 an
965 4408 1140 4480 eoerlastinp
1248 4404 1255 4412 ’

885 4499 936 4552 13*
