2772 5024
595 443 663 516 m
805 451 814 470 ⁸

757 483 763 494 ἡ
824 493 829 502 Ι

129 605 132 616 f
189 627 223 686 15
243 625 282 684 sd
303 641 360 684 nos
379 641 478 702 usqne
498 623 594 684 redii:
616 622 707 702 piena
727 625 795 682 Dan
813 625 880 682 luit

409 711 482 770 ”hir
505 711 640 770 deotrim
662 710 825 768 canalibus.

245 831 327 890 Patri
348 833 475 888 maxima
497 831 572 901 laus,
596 833 722 890 maxima
743 831 834 899 Fili03
874 867 876 872 -

246 919 285 974 sit
305 934 361 992 par
384 923 487 976 sancte
510 918 563 976 tibi
588 919 685 992 gloria
708 917 850 990 Spiritus:
906 914 908 920 ’

246 1005 296 1078 qui
320 1001 374 1059 das
397 1003 581 1077 Martyribus
603 1003 683 1059 mille
706 1019 797 1058 neces
819 1005 891 1076 pati,

177 1088 221 1146 ’20
438 1094 469 1145 85
490 1106 545 1162 per
566 1089 669 1146 funera
690 1085 818 1146 vincere.

528 1271 730 1280 φ--ι-μ-..ι-α-ι

385 1367 576 1437 Sancti
594 1369 718 1458 8888558.
758 1367 804 1436 Β.

232 1435 318 1525 Thes
335 1469 357 1524 1
375 1484 402 1539 p
423 1469 479 1524 583.
515 1463 580 1524 ΙΙΙ.
583 1487 609 1538 p.
627 1445 685 1527 285
721 1471 766 1522 Ad
784 1469 1020 1525 Communionem.

179 1601 330 1676 Descripsi
352 1601 451 1658 nobile
474 1619 594 1659 carmen
617 1619 633 1657 e
656 1601 829 1658 Rambaehii
852 1601 1051 1678 Anthologia,
1082 1601 1163 1661 haud

80 1736 82 1740 ,
109 1686 261 1757 suspicatus
290 1687 394 1745 Virum
421 1688 555 1747 Doctum·
581 1687 698 1743 silentio
729 1704 817 1742 unam
847 1687 1002 1762 stropham
1029 1696 1164 1764 praeter-

108 1771 217 1840 misisse,
241 1789 310 1830 cum
332 1770 406 1832 alias
429 1791 546 1829 omnem
567 1773 860 1847 praetermissionem
890 1773 1049 1850 diligenter
1072 1774 1164 1833 adno-

23 1869 24 1876 ‘
108 1859 208 1914 taverit.
252 1857 315 1915 Sed
337 1877 407 1916 vere
431 1860 599 1933 suppressit
623 1857 777 1932 stropham
799 1860 926 1927 tertiam,
951 1859 1061 1934 quippe
1076 1865 1163 1936 'quae
1205 1861 1210 1868 “

107 1941 233 2014 grandius
257 1943 331 2020 quid
354 1943 391 2002 88
407 1950 594 2002 sacramento
618 1947 729 2002 sentire
744 1941 909 2011 ridebatur,
933 1961 1023 2019 quam
1038 1951 1072 2002 85
1093 1947 1163 2004 feni
1272 2031 1276 2035 ·

106 2035 211 2100 posset:

418 2115 484 2174 Hoc
511 2120 698 2174 sacramento

317 2249 325 2264 .
421 2202 561 2278 Corporis
585 2207 616 2260 et
638 2202 797 2278 Sanguinis

419 2288 530 2346 Omnes
553 2288 635 2344 exuti
656 2311 671 2342 8

418 2373 465 2430 nb
487 2374 593 2432 inferni
615 2371 760 2431 faucibus.

79 2615 82 2618 ι
105 2539 131 2598 V.
151 2543 197 2603 25.
219 2547 248 2602 in
270 2535 428 2601 Thesauro
458 2547 565 2602 vitiose
590 2543 735 2618 seriptum
757 2549 804 2600 est
825 2559 879 2618 pro
903 2541 1086 2602 accedant
1108 2563 1161 2603 ae·

105 2628 235 2688 888885.
283 2630 423 2688 Ceterum
445 2631 504 2686 iam
525 2627 764 2686 Benchorienses
785 2629 896 2702 hymno
927 2631 1159 2704 inscripserunt:

103 2710 261 2786 Hymnum
285 2715 427 2790 quando
451 2717 765 2772 communicarent
794 2713 1027 2782 sacerdotes,
1058 2719 1160 2793 itaque

103 2805 201 2857 retract
189 2807 296 2871 tamus,
320 2819 398 2876 quae
422 2803 595 2876 scripsimus
617 2803 647 2858 in
669 2800 832 2858 Thesauro.

175 2903 326 2978 Fortiagio
350 2905 488 2960 carminis
511 2905 637 2961 virtutes
660 2905 776 2969 miranti
797 2902 950 2970 (188285)
971 2902 1160 2980 adiungimus
1183 2901 1186 2910 ’

103 2983 224 3044 Neaiinm
247 2987 429 3089 (Mediaeval
460 2989 595 3062 Hymnus
618 3009 647 3064 p
674 2988 893 3064 8381888888
911 2990 973 3046 8888
998 2992 1163 3077 suspeetior!

103 3075 131 3125 88
151 3073 203 3130 nu
224 3076 345 3148 hymn
334 3095 376 3142 88,
406 3075 514 3132 85888
537 3095 554 3132 8
584 3093 632 3130 888
635 3077 695 3132 tuin
718 3078 806 3153 pirus
834 3077 991 3176 simplieity
1020 3078 1107 3134 88885
1127 3079 1158 3145 it,

102 3157 181 3214 888888
201 3161 325 3218 readers
347 3164 371 3217 it
392 3095 458 3216 rdell
478 3161 589 3234 8888588
612 3161 650 3232 of
660 3163 874 3236 preservatiea
919 3161 981 3220 15
969 3181 996 3218 88
1017 3181 1055 3220 an
1078 3165 1160 3236 early

103 3247 221 3318 example
241 3247 281 3318 of
297 3265 315 3302 8
344 3247 477 3302 metricat
497 3248 699 3344 compositiora,
728 3264 802 3320 susq
835 3247 941 3322 durinp
965 3247 1013 3304 588
1036 3248 1162 3306 Comme

102 3328 159 3382 rior
179 3331 215 3401 os
232 3331 279 3387 588
296 3333 410 3406 propte.
451 3333 510 3388 The
524 3333 680 3390 8888888888
702 3332 740 3403 os
756 3331 803 3387 588
824 3331 919 3399 Latin,
944 3333 1001 3389 8188
1025 3333 1072 3389 588
1093 3333 1161 3390 Koi-

32 3483 36 3494 .
102 3413 213 3470 888888888
232 3417 273 3488 os
284 3416 331 3472 tte
345 3417 472 3472 Eestern
491 3417 611 3483 088888,
633 3435 721 3473 never
736 3433 798 3472 88888
813 3435 938 3492 appears
953 3419 1004 3473 885
1017 3437 1050 3473 88
1060 3436 1158 3492 prore.

102 3493 134 3551 Ut
152 3499 224 3560 mihi.
236 3499 365 3569 videtur,
389 3517 512 3558 carmen
535 3502 751 3558 coniunctionis
774 3502 848 3576 quid
869 3501 962 3558 habet
984 3519 1051 3558 eum
1076 3503 1160 3560 Anti·

101 3579 189 3652 phona
202 3591 380 3658 pervetusta
401 3589 430 3642 in
453 3588 658 3644 communione
673 3587 809 3660 paschali
826 3587 939 3644 cantari
954 3586 1050 3656 sohte,
1075 3591 1159 3645 ouius

101 3670 219 3726 meminit
242 3670 406 3747 Gregorius
429 3673 611 3730 Turonensis
635 3670 672 3727 de
699 3673 762 3728 mir.
786 3671 815 3728 S.
839 3672 927 3728 Mart.
950 3674 987 3740 2,
1021 3673 1075 3731 13;
1099 3676 1160 3732 Ve-

101 3753 165 3810 nite
185 3757 312 3831 populi
342 3757 385 3813 ad
415 3775 555 3816 sacrum
586 3762 620 3814 et
648 3759 854 3814 immortale
883 3761 1096 3832 mysterium
1126 3765 1160 3816 et

100 3834 243 3898 libamen
273 3843 457 3918 agendum.
502 3841 586 3903 Cum
615 3844 741 3898 timore
772 3849 809 3899 et
838 3841 912 3900 fide
942 3843 1159 3904 accedamus

100 3926 253 3984 manibus
290 3927 432 3985 mundis
467 3930 597 4003 poenit
585 3931 727 3984 tentiae
764 3945 888 3986 munus
924 3933 1160 3988 communice-
1234 3988 1237 3997 ,

100 4022 177 4078 mus,
199 4015 367 4086 quoniam
388 4019 541 4088 propter
570 4031 635 4070 nos
658 4031 773 4088 agnus
799 4016 862 4071 Dei
891 4018 990 4090 patri
1020 4017 1159 4073 sacrifi·

101 4093 182 4152 cium
195 4097 427 4172 propositum
441 4104 507 4158 est.
544 4099 666 4182 ipsum
688 4099 802 4156 solum
817 4098 1020 4170 adoremus,
1044 4103 1159 4176 ipsum

99 4177 399 4346 Tddrlificsseldldlg
348 4185 835 4260 ,euuangeiiselamantes,
852 4187 1020 4244 Alleluia.
1058 4185 1159 4244 Codex

212 4286 234 4344 P

523 4384 725 4393 ..ὼ-..κη-
