2822 5026
225 634 350 708 gloriam
379 635 578 698 enarrantem,
616 633 667 706 qui
693 637 801 704 postea
830 631 1026 704 amplificatus
1047 636 1103 688 est
1132 633 1300 689 15155555-
1343 703 1345 707 Ι

226 717 359 774 sionibus
381 717 588 792 interpolatus.

310 803 359 860 33.
386 801 702 876 153555155511111.
747 799 799 860 16.
830 801 923 875 Cycni
951 803 1001 876 qui
1032 804 1172 858 certatim
1194 808 1302 858 canunt

225 889 327 944 Moses
351 905 385 943 ac
410 889 586 943 5515151115.
616 886 753 944 53’-56.
777 887 917 944 Fortasse
937 885 1102 960 legendum
1123 889 1207 944 iste.
1231 885 1300 944 Seu·

227 991 294 1029 sus:
318 973 383 1028 Duo
408 978 477 1028 sunt
507 971 570 1028 dies
603 973 770 1028 creationis.
815 972 900 1028 Alter
931 971 1040 1028 mundo
1072 972 1182 1030 visibili
1203 971 1300 1028 lucem
1329 999 1333 1002 ·

226 1056 311 1126 indit,
335 1059 411 1114 alter
433 1047 601 1113 mortalium
624 1059 737 1114 animis.
783 1055 873 1113 Primi
897 1059 994 1113 lucem
1025 1059 1174 1114 5515115115
1198 1057 1300 1123 oculis,

149 1204 152 1210 ,
226 1145 349 1200 alterius
373 1145 499 1217 gratiam
527 1141 804 1216 comprehendimus
834 1141 901 1198 fide.
948 1142 997 1200 67.
1029 1143 1121 1198 hora
1147 1160 1202 1216 pro
1231 1159 1299 1197 ors.

225 1229 275 1287 95.
299 1233 444 1284 retroso
466 1245 521 1302 pro
544 1233 698 1284 retruso.
745 1227 928 1285 165-1118.
958 1227 1101 1284 Fortasse
1124 1225 1298 1302 legendnm:

226 1313 289 1370 Cui
311 1308 475 1370 invidere
499 1318 533 1369 et
556 1309 714 1369 oderunt
736 1313 889 1368 animam
915 1341 958 1349 -
986 1329 1195 1386 prorogans
1227 1328 1302 1386 pre*

226 1401 334 1454 catus
358 1404 422 1455 est.
471 1397 539 1457 129.
576 1397 752 1472 Legendum
781 1415 968 1454 corrosum
990 1389 1159 1453 mundum
1186 1397 1297 1453 annis.

229 1483 297 1540 131.
324 1483 392 1542 132.
431 1499 516 1541 sena
545 1481 680 1540 feralia
705 1483 838 1541 inferni
868 1489 937 1540 sunt
973 1497 1024 1538 sex
1054 1479 1149 1538 horae
1179 1483 1302 1558 agoniae

227 1568 347 1624 Christi.
374 1565 529 1626 135136.
553 1567 927 1642 151155551111111551.
947 1572 1007 1624 ,51
1028 1567 1303 1641 protoplastum

227 1653 438 1727 probrosam
474 1655 522 1711 vel
559 1647 762 1710 damnosam
800 1653 940 1710 sobolem.
989 1652 1056 1709 141.
1093 1649 1302 1708 1115555551-

196 1801 201 1821 ,
228 1737 271 1793 dit
300 1738 339 1794 ad
367 1745 483 1812 patrem
512 1745 543 1795 et
572 1741 721 1813 captivam
755 1738 837 1796 duxit
867 1739 1078 1812 captivitatem.
1127 1736 1302 1796 1432-146.

227 1823 374 1891 Christus,
399 1816 490 1898 caput
512 1826 661 1897 corporis,
692 1823 774 1898 quod
796 1825 928 1880 efficiunt
950 1835 1051 1880 515551
1074 1822 1200 1890 fideles,
1228 1823 1304 1880 ensl-

227 1913 308 1964 tatus
332 1912 430 1965 estin
453 1911 612 1989 ecelesiam
635 1911 785 1976 trinitatis,
810 1911 826 1966 i.
853 1927 877 1964 5.
901 1911 931 1964 15
953 1909 1115 1966 ecelesiam
1132 1921 1301 1982 supernam,

227 2011 304 2068 quae
335 1993 447 2068 gaudet
476 1994 623 2069 adspectu
652 1995 806 2051 Trinitatis
839 1995 888 2051 vel
924 2010 1002 2068 quae
1033 1995 1174 2060 consistit
1210 1994 1303 2050 trinae

204 2079 352 2145 ‚Deitatis
376 2083 535 2136 consortio.
582 2080 680 2152 Caput
703 2083 869 2154 sequuntur
896 2078 1035 2134 membra.
1081 2077 1153 2136 156.
1180 2080 1304 2134 certis·

227 2165 365 2233 simam,
389 2178 467 2239 quae
489 2183 548 2220 non
571 2165 698 2238 amplius
721 2164 757 2220 de
781 2165 878 2220 salute
901 2181 955 2219 sua
979 2163 1109 2220 sollicita
1134 2168 1190 2220 est.
1233 2162 1299 2222 162.

226 2249 435 2324 micrologi,
460 2251 511 2324 qui
533 2251 635 2305 tenuia
656 2251 772 2304 tantum
795 2253 825 2304 et
846 2242 916 2304 vilia
939 2265 1077 2304 enarrare
1102 2253 1228 2322 queunt.

663 2375 863 2386 *nh-.-

297 2537 298 2550 .
331 2459 505 2548 Hymncnn
529 2458 875 2547 5111151511555115
896 2457 1101 2526 Dominicis.
1156 2459 1198 2526 R.

292 2590 421 2664 Spiritus
445 2588 561 2646 divinae
762 2652 769 2666 κ
848 2585 1152 2644 Ρ15515111511151115
1169 2591 1282 2646 vivunt.

310 2675 401 2732 Lucis
425 2674 538 2747 gloriae
739 2713 747 2724 .
869 2673 1007 2746 Respice.

310 2760 440 2834 Respice
461 2761 492 2815 15
512 2775 560 2814 155

310 2846 444 2904 11551155.

247 2933 266 2988 5
289 2931 370 2986 Deus
393 2930 528 2986 veritatis

310 3016 434 3071 Domine
456 3013 538 3069 Deus
562 3011 705 3077 Sabaoth,

310 3101 391 3156 Deus
415 3097 531 3154 Israhel

330 3185 470 3256 Respice.

828 2789 981 2848 Haeredes
1005 2795 1036 2846 51
1056 2791 1271 2866 quohaeredes

657 2884 660 2898 '
763 2877 802 2935 25
848 2875 960 2932 Christi
981 2877 1033 2943 tui,
1058 2877 1088 2932 in
1113 2891 1215 2952 quern,

848 2960 885 3017 Rt
906 2973 960 3034 per
983 2976 1072 3035 quem
1101 2969 1216 3020 cuncta

1072 3051 1197 3115 creasti,

848 3130 926 3200 Quia
947 3133 977 3186 15
1003 3131 1285 3204 praedestinatione

849 3216 876 3271 Α
898 3215 1026 3272 saeculis
1049 3217 1139 3274 nobis
1165 3224 1214 3275 est

288 3303 403 3360 Lumen
427 3300 463 3358 de
485 3301 609 3359 Lumine
848 3302 929 3358 Deus
951 3296 1045 3369 Iesus,
1077 3305 1131 3379 qui
1162 3321 1243 3360 nunc

228 3390 265 3446 10
293 3388 483 3450 Referemus
505 3385 611 3442 Filium
632 3383 730 3441 Patris
1103 3390 1217 3462 coepit.

279 3474 513 3545 'Sanctumque
535 3468 676 3544 Spiritum
763 3471 803 3528 30
867 3470 1004 3543 Respice.

217 3609 222 3618 ,
309 3558 343 3613 15
365 3574 424 3626 una
448 3557 623 3612 substantia.
916 3558 921 3563 '

414 3643 420 3655 ,
812 3589 983 3664 =Unigenito
1007 3607 1042 3648 ex
1065 3594 1197 3649 mortuis

330 3642 467 3715 Resp1ce.

845 3675 908 3730 Deo
931 3673 1068 3732 obtinens
1092 3693 1220 3752 corpus,
1248 3713 1257 3730 .
1304 3660 1310 3676 ²

286 3749 744 3836 11515ὲηί1115515115535511115,
846 3759 1106 3828 (11511151551151,
1132 3779 1262 3819 manens
1350 3771 1396 3791 ·’

227 3845 264 3904 15
308 3846 337 3902 Α
359 3849 389 3901 15
413 3845 578 3902 obtinemus
777 3853 789 3883 ¹
842 3843 876 3902 In
900 3844 1021 3900 saecula
1044 3847 1242 3904 saeculorum

309 3929 557 4004 Redemptionem
579 3935 720 3986 nostram.
760 3930 799 3987 35
845 3929 908 3984 Rex
930 3933 1130 3988 aeternorum.

330 4015 467 4092 Respice.
864 4013 1001 4086 Respice.

280 4134 382 4208 Ι1151115
405 4117 438 4190 es
462 4135 574 4207 Spiritu
597 4131 706 4188 Sancto
822 4129 1171 4210 Quiannnceoepit‚qui
1184 4151 1306 4212 semper

307 4219 351 4275 Ex
364 4219 460 4276 Maria
477 4218 598 4293 thine
844 4215 911 4274 Fuit
931 4222 1057 4275 naturae
1080 4223 1155 4277 tuae
1177 4219 1282 4288 Filius,

222 4307 265 4366 211
306 4305 340 4362 15
354 4304 486 4378 idipsum
500 4303 530 4358 in
546 4299 735 4376 adoptionem
842 4299 965 4358 Divinae
981 4303 1057 4360 lucis
1074 4305 1196 4378 gloriae
1213 4313 1294 4372 tuae,

240 4420 245 4426 ·
306 4389 455 4455 Filiorum,
480 4389 530 4462 qui
553 4388 605 4448 tibi
759 4386 801 4448 411
844 4383 902 4454 Qui
917 4389 965 4444 est
979 4387 1075 4445 forms
1089 4394 1123 4446 51
1144 4387 1304 4465 plenitudo
1373 4449 1376 4457 ,
