2822 5026
698 435 733 480 v1

179 589 322 653 sarnkeit
346 589 411 649 der
440 589 664 667 Hymnologie
688 605 758 650 nur
786 605 864 650 zum
889 590 1043 652 Vortheil
1075 592 1253 669 gereichen

178 696 276 754 kann.
320 692 421 752 Diese
444 693 656 752 Thatsaohen
679 693 869 769 bestitigen
892 691 965 754 auis
988 707 1083 766 neue,
1103 707 1175 754 was
1197 695 1251 754 ioh

181 796 216 854 in
239 796 298 854 der
311 794 460 855 Vorrede
481 806 559 853 zum
575 796 688 854 ersten
703 794 817 856 Baude
840 795 1020 868 bemerkte,
1043 795 1122 856 dass
1142 795 1253 870 dieses

179 897 278 957 Werk
300 898 353 956 ein
372 895 682 956 unvollkommener
695 895 848 956 Versuoh
870 891 939 957 ist.“
982 895 1034 956 Ad
1050 903 1135 974 quas
1152 899 1253 958 etiam

181 997 386 1060 adiiciendus
419 998 511 1057 locus
544 997 761 1074 praefationis
796 999 838 1058 cd
868 1003 949 1074 part.
972 999 1024 1058 Ill.
1046 1015 1076 1074 p.
1098 999 1142 1058 V:
1187 1001 1253 1072 „Zu

182 1083 313 1162 diesem‘
322 1099 441 1162 Werhe
463 1099 599 1160 wurden
621 1100 733 1176 einige
748 1099 892 1160 hundert
906 1099 1166 1160 Handschriften
1187 1117 1254 1161 von

181 1204 276 1263 mehr
299 1203 348 1262 als
371 1201 498 1277 fiinizig
512 1201 744 1262 Bibliothelren
766 1202 912 1274 bemitzt,
933 1202 1040 1262 wobei
1058 1203 1114 1262 ich
1131 1203 1255 1276 jedouh

180 1303 411 1366 ausdrircklioh
425 1295 590 1377 bomerlce,
614 1303 692 1364 dass
709 1303 800 1364 diese
817 1303 956 1378 Quellcn
978 1304 1072 1364 nicht
1087 1304 1255 1381 ersohdpit

181 1407 255 1466 sind
277 1406 346 1466 und
369 1405 440 1464 sich
463 1405 567 1464 daher
588 1407 675 1466 noch
696 1403 982 1483 vielellachtritge
1001 1405 1151 1484 ergeben
1172 1422 1254 1468 wer-

180 1511 259 1581 den,
280 1523 379 1571 wenn
400 1523 479 1566 man
502 1508 563 1567 mit
585 1507 757 1583 grisserer
778 1508 894 1568 Musse
918 1507 971 1567 die
993 1507 1253 1570 Handsohriftcn

181 1609 418 1681 durohiorsoht,
441 1609 491 1669 als
514 1608 577 1668 mir
600 1623 636 1668 es
658 1590 806 1686 miglioh
818 1605 911 1670 war.“
953 1609 1104 1686 Denique
1119 1610 1253 1672 Monius

180 1712 315 1771 modurn
346 1712 525 1772 multorum
555 1711 738 1770 carminum
768 1711 862 1770 initia
892 1714 1022 1770 tantum
1049 1712 1253 1786 exprimendi

128 1847 135 1856 -
180 1815 233 1873 vel
255 1813 352 1873 sedes
376 1811 558 1884 indicandi,
594 1813 744 1872 illumin
766 1829 820 1873 me
844 1813 978 1890 quidem
1005 1813 1253 1904 reprehensum,

180 1917 214 1976 in
236 1914 353 1975 neutro
376 1915 582 1975 voluminum
605 1915 826 1989 posteriorum
847 1915 1047 1990 repudiavit,
1071 1920 1107 1974 ut
1129 1916 1196 1974 iam
1218 1916 1253 1976 iu

181 2019 251 2078 solo
266 2017 415 2078 seeundo
429 2016 597 2076 volumine
607 2015 678 2077 CIV
692 2017 876 2077 carminum
891 2015 986 2077 initia
998 2018 1052 2076 vel
1065 2016 1254 2093 fragmenta

178 2123 308 2180 tentum
329 2118 478 2178 ediderit.

264 2219 393 2280 Deinde
415 2219 618 2279 collectionis
648 2221 739 2279 omni
760 2235 900 2280 numero
923 2221 1116 2296 completae,
1138 2225 1175 2280 ut
1195 2237 1252 2280 ne-
1323 2254 1326 2260 ,

182 2324 253 2402 quit
274 2323 346 2381 fieri
368 2319 481 2381 multis
504 2321 545 2382 de
567 2323 685 2395 causis,
708 2323 754 2382 ita
776 2337 843 2382 non
866 2327 918 2382 cst
940 2321 1094 2383 absoluta
1107 2322 1251 2382 necessi·

180 2430 241 2486 tas.
284 2424 409 2484 Verum
433 2427 484 2483 est
506 2421 587 2482 illud
610 2424 751 2502 quidem,
774 2423 866 2500 ipsos
887 2423 1022 2485 viliores
1037 2423 1125 2484 ictus
1138 2424 1251 2501 poesis
1274 2501 1281 2510 ἢ

181 2526 425 2588 ecclesiasticae
455 2526 623 2586 historicis
650 2542 717 2586 non
748 2525 952 2603 spernendos
983 2539 1058 2586 esse
1089 2531 1122 2586 et
1150 2526 1194 2586 ud
1215 2527 1253 2586 il·

180 2629 386 2690 lustrandam
410 2632 515 2688 totam
538 2629 612 2688 aevi
634 2629 721 2688 illius
743 2629 890 2688 indolem
912 2627 1042 2704 pondus
1057 2626 1194 2688 habere:
1218 2632 1254 2690 at

180 2747 279 2792 neruo
302 2748 322 2790 a
344 2744 397 2790 rnc
420 2731 618 2806 impetrabit,
641 2735 678 2790 ut
700 2747 740 2789 ea
761 2730 796 2790 in
817 2735 912 2805 parte
929 2729 1087 2806 pauciora
1102 2730 1254 2806 exempla

181 2838 215 2894 et
251 2833 347 2912 quasi
382 2832 559 2909 longorum
595 2832 748 2892 ordinum
789 2833 897 2909 capita
934 2831 1086 2892 sufficere
1122 2831 1253 2892 infitier.

182 2936 315 2996 Certum
336 2940 510 3010 praeterea
532 2935 613 2994 illud
636 2939 695 3008 est,
719 2935 887 2995 doctrinae
903 2933 1103 2994 christianae
1119 2937 1252 3008 exopta·

180 3041 252 3096 tum
275 3051 350 3098 esse
374 3041 587 3114 conspectum
611 3053 710 3116 quam
732 3037 876 3098 maxime
899 3035 1100 3110 completum
1121 3035 1251 3094 univer-

181 3153 239 3198 sae
261 3139 373 3214 poesia
404 3139 617 3200 christianae:
656 3144 690 3199 at
712 3140 753 3200 iis
774 3139 869 3211 uiris,
906 3137 962 3214 qui
985 3136 1019 3196 in
1041 3136 1105 3196 hoc
1127 3153 1251 3214 genere

181 3257 315 3316 operam
347 3247 509 3302 narrantes
545 3241 614 3302 suis
635 3241 761 3300 viribus
794 3255 865 3300 rem
886 3239 1086 3315 perscrutari
1113 3251 1275 3300 consuet

179 3358 272 3415 vere,
308 3343 403 3402 initia
433 3347 467 3402 et
489 3343 610 3402 indicia
638 3342 708 3402 fere
734 3357 887 3418 prorsum
916 3341 1093 3402 sufficiunt.
1136 3342 1252 3419 Itaque

179 3445 267 3506 haud
291 3445 389 3506 dubie
413 3445 676 3505 consideratione
706 3445 844 3522 dignum
875 3446 926 3502 est
949 3441 1124 3504 consilium
1145 3444 1252 3521 profe·

179 3548 274 3608 rendi
302 3549 337 3607 in
360 3547 507 3609 medium
537 3547 664 3622 copiosi
686 3547 812 3613 indicis.
857 3544 975 3607 Adbuc
998 3547 1144 3606 incertus
1168 3561 1252 3618 sum,

128 3722 132 3729 Ι
178 3667 259 3709 num
292 3650 411 3710 horum
444 3647 754 3726 Supplementorum
792 3649 937 3710 ambitus
964 3651 1062 3708 —et
1093 3647 1177 3708 haec
1209 3645 1250 3708 de

179 3752 306 3810 ambitu
337 3753 488 3828 quaestio
519 3751 718 3828 gravissima
747 3755 799 3810 est
828 3751 950 3812 nostris
980 3750 1187 3826 temporibus
1208 3777 1252 3790 --

145 3873 147 3879 ·
179 3845 261 3914 mihi
285 3853 328 3912 sit
351 3869 586 3928 concessurus,
617 3857 653 3914 ut
676 3853 840 3915 eiusmodi
863 3853 1037 3914 elenchum
1060 3851 1103 3912 ad
1126 3851 1251 3928 calcem

179 3972 351 4032 apponam.
360 3948 385 4027 *J

245 4101 268 4166 s)
287 4101 361 4154 Sanc
384 4115 453 4154 vcro
472 4101 541 4154 haec
561 4115 627 4168 spes
651 4102 779 4154 firmatur
796 4101 817 4153 1.
843 4101 873 4152 T.
897 4098 1029 4153 hoschlrii
1052 4098 1177 4159 nornine,
1202 4097 1251 4164 qui

179 4185 240 4222 curn
259 4168 400 4222 Thesauri
418 4169 474 4220 tria
491 4170 632 4222 volumina
651 4185 702 4222 sua
719 4170 848 4230 fecisset,
873 4169 907 4219 de
931 4168 975 4220 his
997 4183 1112 4234 quoque
1131 4167 1249 4234 Supple-

178 4238 279 4291 mentis
302 4238 421 4291 maxime
445 4235 581 4290 sollicitus
606 4243 657 4291 est.
693 4239 815 4305 Magnus
844 4236 917 4288 enirn
941 4237 1036 4288 estin
1059 4236 1120 4288 viro
1144 4235 1249 4302 optimo

176 4306 322 4358 literarum
345 4307 599 4374 promovendarunr
624 4307 710 4358 ardor
737 4318 826 4372 aeque
853 4308 938 4372 atque
966 4317 1109 4357 sacrorum
1131 4305 1248 4373 hymno·

177 4391 239 4428 rum
257 4375 396 4428 infucatus
414 4387 501 4428 amor.
1197 4394 1199 4400 ¹
