2724 5026
98 593 123 655 l.
154 591 259 667 Agnus
281 591 336 650 Dei
359 575 555 660 collaudetur,
691 585 841 668 Lupana‘ri
882 592 1049 652 denudata·
1081 571 1140 654 trs-

48 693 53 698 ’
158 675 245 736 Orbis
267 681 351 734 totus
374 677 561 746 collaetetur,
773 678 869 735 hitur:

155 763 196 822 Ut
215 763 324 820 festive
346 759 515 818 celebretur
689 763 768 820 Fuso
803 763 883 820 crin'e
914 780 1023 838 corpus
1052 783 1138 824 omne
1234 787 1248 802 ⁴

199 845 328 922 Agnetis
350 848 540 920 martyrium:
635 889 640 902 .
759 849 905 924 tegitum

58 977 63 985 .
157 933 292 991 (tantitas
315 931 549 1007 congratuletur,
639 954 644 959 ·
772 933 855 990 Luce
879 933 1130 994 circumfunditur.
1229 937 1232 950 ⁴

124 1017 372 1085 -Mcnsmanus,
388 1017 601 1085 voxiucitetun
975 1058 990 1068 -
1060 1025 1064 1030 “

157 1103 259 1161 Omnis
282 1107 365 1158 aetas
388 1107 548 1159 veneretur
590 1110 592 1120 ⁴
622 1102 650 1162 5.
680 1103 795 1176 Forma,
811 1102 911 1172 robur,
929 1121 1026 1172 sexus,
1039 1107 1133 1174 aetas,

197 1188 326 1262 Virginis
348 1189 548 1262 praeconium
673 1187 734 1244 [Ad
743 1187 918 1245 certandum
929 1187 1136 1248 redditlaetas
1168 1185 1203 1266 ἰ

772 1274 891 1330 Mentes
913 1275 1103 1332 intuentium:

688 1358 762 1416 Cum
770 1364 893 1416 naturae
901 1360 1136 1428 vincuntmctas,

678 1435 867 1500 'Constantes
912 1450 1033 1502 serrant
1057 1445 1137 1507 ath·

679 1515 683 1525 ’
755 1529 850 1586 letas:
1041 1535 1043 1540 ’

687 1611 735 1670 Ad
757 1613 861 1670 mortis
884 1613 1072 1688 supplicium.

50 1339 57 1356 x
93 1309 121 1368 2.
150 1307 233 1390 llaec
256 1312 304 1366 est
318 1307 421 1381 Agnes
437 1322 516 1382 agna
537 1305 601 1376 Dei,
673 1331 676 1336 r

157 1394 218 1450 Vas
241 1389 327 1459 fidei,
344 1391 434 1447 scala
456 1393 536 1470 spei,

155 1477 310 1534 Canticum
332 1476 420 1532 huius
443 1474 503 1532 diei
534 1520 539 1524 .

196 1562 235 1618 Et
255 1559 352 1618 laudis
375 1561 515 1622 materia:

11 1653 14 1658 '
112 1634 213 1708 Habes
235 1645 293 1702 hoc
317 1645 398 1721 quod
419 1647 552 1713 imiteris,

154 1732 217 1796 Nec
226 1733 322 1790 minus
338 1730 420 1806 quod
433 1729 586 1788 admireris
596 1741 616 1786 z*

156 1811 225 1886 Sed
239 1819 264 1874 si
285 1818 431 1873 rationem
454 1818 573 1890 quaeris
626 1799 653 1858 5·
687 1797 776 1857 salve
798 1801 892 1874 virgo,
915 1805 1030 1874 mmi’l'
1048 1802 1137 1867 alma.

154 1903 200 1959 Fit
224 1917 258 1959 ex
282 1895 392 1959 Christi
415 1902 519 1976 gratia.
688 1883 774 2044 Quaffe)
794 1885 867 2026 lxm
908 1903 976 1942 cum
1011 1887 1137 1971 victrice

776 1986 794 2026 a
836 1987 854 2026 a

696 2109 699 2116 ,
772 2054 894 2114 Transis
917 2053 957 2111 ad
979 2056 1136 2124 coelestim

688 2139 798 2215 Agnes,
815 2156 925 2212 agnum
945 2141 1081 2209 imitaris,

687 2225 726 2281 Et
748 2225 785 2280 ab
808 2241 886 2299 agno
910 2227 1078 2293 coronaris;

775 2309 893 2384 Sponsa
916 2326 949 2397 es
973 2315 1004 2368 et
1026 2311 1094 2391 iilia.

94 2023 122 2082 3.
155 2021 202 2078 Ab
224 2021 308 2080 annis
331 2021 473 2078 infantiae

155 2105 263 2167 Studet
285 2101 485 2174 innocentiae,

155 2192 293 2250 Castrum
314 2189 476 2266 pudicitiae

235 2277 370 2334 ,Serrans
393 2275 555 2344 illibatum

153 2364 216 2436 Ipsi
240 2359 323 2420 stans
345 2363 374 2417 in
398 2362 462 2416 acie

152 2447 274 2535 Pugnat
296 2445 395 2503 verb1⁸
419 2447 550 2544 gra-iia&
626 2478 654 2538 7,
687 2479 767 2539 Audi
788 2439 904 2554 preses,
928 2479 996 2537 vide
1019 2483 1100 2546 vota,

153 2533 334 2672 Tyr-agnum,
357 2535 511 2670 Ρῡῑὲῃῖῑῆθ
689 2564 773 2634 Quae
796 2565 848 2621 tibi
870 2569 970 2622 mente
993 2563 1103 2622 devota

261 2631 389 2689 pemeus
434 2620 602 2674 ‘mmmm'
772 2649 862 2707 Plebs
876 2650 962 2706 offert
976 2649 1116 2716 fidelium,

92 2737 120 2794 4.
143 2733 197 2790 nib
226 2736 341 2790 incesto
379 2737 463 2789 casta
496 2751 603 2790 concu-
689 2735 727 2792 Et
741 2741 812 2810 post
826 2736 915 2791 huius
931 2737 1011 2792 vitae
1027 2739 1139 2791 statum

223 2819 363 2893 piscitur':
473 2849 480 2858 ·
689 2821 753 2877 Duo
765 2838 820 2876 nos
828 2825 928 2876 tecum
942 2817 980 2876 ad
1003 2817 1139 2892 optatum

155 2903 604 2980 Spretusinlucemimpugnans
671 2935 675 2939 ·
754 2905 931 2962 Sanctorum
947 2904 1138 2972 consortium

223 2990 364 3047 moritur:

238 3075 326 3132 Orat:
350 3076 412 3132 vita
433 3072 576 3132 redditur.

42 3369 46 3376 ·
142 3296 224 3403 iro.
249 3299 504 3420 [rreumpnaos
534 3335 598 3400 tue
629 3337 751 3402 irunt.
775 3303 840 3402 'ne
871 3347 899 3403 s.
927 3347 1138 3402 vincentio

67 3432 109 3490 M.
130 3429 221 3488 Mone
242 3428 278 3488 Il.
301 3447 330 3502 p.
353 3428 424 3487 552.
448 3427 511 3494 (lis.
534 3447 571 3484 nu
594 3429 712 3518 Colmar
736 3431 775 3488 12
789 3423 858 3498 Jh.)]

92 3551 117 3608 l.
147 3547 348 3622 Triumphalis
370 3547 422 3602 lux
443 3546 539 3602 illuxit
596 3595 602 3598 .
687 3547 809 3604 vincens
823 3551 912 3612 terra,
928 3547 1051 3602 vincens
1066 3545 1140 3604 mari

153 3632 375 3708 luxpraeclara,
392 3647 470 3705 quae
482 3630 601 3687 reduxit
688 3630 834 3706 quidquid
856 3635 959 3704 potest
980 3632 1107 3704 irrogari

71 3743 74 3746 ·
128 3739 140 3779 t
194 3719 305 3780 levitae
327 3715 529 3773 sollemnium:
687 3731 804 3790 poenae
827 3716 875 3772 vel
897 3715 1069 3770 formidinis.
1106 3711 1108 3714 ’

630 3819 657 3876 3.
689 3817 747 3874 Hic
771 3817 905 3890 effulget⁸
926 3815 964 3872 ad
986 3817 1032 3874 bis
1055 3817 1140 3874 tincti

691 3904 773 3960 cocci
795 3903 890 3958 instar
913 3906 944 3957 et
962 3903 1090 3970 iacincti,

686 3988 776 4052 cuius
788 3987 881 4042 lumbi
896 3990 965 4050 sunt
977 3988 1140 4063 praecincti

760 4067 871 4144 duplici
894 4072 1050 4138 miinditia3

91 4162 119 4220 2.
150 4159 207 4230 Qui
215 4161 361 4218 vincentis
371 4157 486 4214 habens
498 4175 605 4213 nomen
691 4157 739 4212 hic
748 4161 891 4212 retortam
899 4155 1023 4232 byssum
1032 4173 1140 4230 gerens

156 3873 259 3914 ornnes
283 3870 357 3926 ergo
380 3849 575 3908 iocundemus

155 3946 186 3998 et
206 3942 376 3998 vincentem
398 3953 575 3996 reseremus

196 4027 226 4081 in
249 4025 369 4080 Christo
392 4021 588 4078 vincentium.

156 4261 235 4301 exre
250 4243 368 4317 probat,
385 4241 507 4317 dignum
522 4259 608 4299 omen
693 4257 905 4316 purpuraeque
915 4243 1142 4318 palmamquae-
1255 4311 1259 4324 ι

225 4329 272 4386 sui
293 4329 358 4386 fore
381 4327 518 4394 nominis,
689 4401 693 4411 ¹
763 4344 832 4384 rens
