2822 5026
9 655 11 662 ,
104 619 160 678 alte
182 619 297 676 anderu
321 604 421 678 babela
436 637 492 693 qao
513 621 584 680 oder
606 621 682 694 qaa-
708 619 797 679 ubaa'
817 617 902 678 merit
915 621 995 678 nicht
1014 629 1068 696 qut
1083 631 1177 698 passe.

105 705 173 762 llam
199 704 290 761 Siuae
319 705 394 762 aaut
422 706 489 764 eiad
508 708 608 788 immer
629 709 699 764 amet
722 706 866 782 Stropbea
895 710 942 763 eia
967 707 1093 775 Gauzes,
1123 719 1180 766 mo
1229 763 1240 780 ,

104 781 176 848 auch
200 790 248 847 die
270 790 433 866 Doatlupie
455 793 518 848 ctae
540 793 738 867 aotbmeadtqe
760 793 938 868 Erqttnzuaq
960 793 1055 854 dieses
1074 795 1179 869 dieder

104 877 170 956 isa
196 873 258 932 Der
279 875 413 948 Hymnus
433 877 537 950 qebdrt
559 879 589 934 ia
616 878 667 936 das
690 879 717 934 5.
739 877 809 936 oder
826 879 854 934 6.
871 877 988 946 atra,
1017 879 1069 934 das
1090 879 1181 936 Wort

106 964 234 1018 tonantis
258 980 282 1017 v.
307 961 335 1017 3.
360 962 470 1036 apricat
490 963 569 1020 mehr
589 964 641 1035 fiir
663 961 715 1020 dus
738 965 765 1019 5.
789 962 887 1020 Jahrb.

151 1117 157 1130 ,
189 1081 272 1138 Auca
303 1081 398 1138 dieses
423 1082 496 1138 Lied
522 1099 584 1138 mar
610 1083 663 1154 fiir
692 1083 739 1140 die
767 1083 918 1157 petaafren
948 1083 1177 1142 Ratumenna
1274 1157 1276 1162 ,

104 1168 265 1233 desumant,
302 1169 357 1222 ate
391 1167 442 1224 dar
478 1168 507 1224 V.
539 1169 584 1224 17.
615 1171 746 1242 anzeiqt:
781 1169 855 1241 fides
885 1171 1016 1244 primam,
1047 1173 1179 1243 quaesito

103 1252 218 1308 radicet
246 1259 316 1318 cta,
341 1252 431 1328 daber
459 1255 500 1308 ist
528 1254 601 1310 auch
631 1273 655 1310 a.
680 1254 724 1310 11.
755 1255 814 1326 auf
830 1254 883 1312 das
903 1255 1095 1312 uadendum
1119 1256 1180 1312 aad

103 1338 149 1394 12.
175 1337 237 1408 aafi
257 1337 387 1394 Christus
409 1338 469 1394 aad
490 1339 536 1394 dte
561 1339 652 1410 Tause
674 1340 871 1402 (illumiaatio)
894 1357 930 1395 zu
953 1341 1096 1408 berichem,
1120 1342 1181 1398 aad

103 1423 149 1480 die
187 1423 287 1479 Worte
316 1441 433 1480 monens
452 1451 497 1476 .-
519 1441 579 1479 aox
608 1426 699 1482 saecli
728 1443 752 1482 v.
784 1425 830 1480 13.
862 1425 908 1480 14.
940 1425 1007 1481 siud
1034 1427 1177 1483 011111111-
1255 1457 1259 1469 .

102 1509 239 1583 spieluaq
270 1509 329 1579 auf
345 1507 392 1564 die
413 1509 569 1566 dsterlicbe
591 1509 655 1566 Zea
683 1511 744 1568 raud
768 1510 815 1566 dic
837 1511 945 1584 Jaaper
974 1528 1009 1566 za
1034 1512 1176 1577 Emmaus,

102 1593 231 1650 mekkcu
255 1593 301 1650 ae
327 1594 475 1668 Tdnsliaqe
497 1595 560 1650 bier
581 1595 793 1670 pleiclcqcstellt
813 1595 936 1652 merdea.

190 1711 331 1769 Profecto
355 1711 394 1768 ad
416 1730 519 1771 verum
541 1713 686 1770 accedere
714 1713 847 1782 videtur,
877 1715 1019 1788 hymnum
1050 1733 1117 1773 esse
1148 1719 1176 1774 in

105 1797 282 1854 abcedariis.
322 1797 434 1877 Tamen
457 1817 515 1854 non
537 1799 803 1874 praetermittenda
826 1805 904 1868 sunt,
929 1818 1006 1876 quae
1029 1802 1087 1858 alia
1110 1820 1177 1858 sua·

106 1882 186 1942 dent.
233 1883 336 1940 Litera
351 1884 391 1944 ,0.
420 1884 467 1940 bis
498 1888 642 1942 occurrit:
683 1893 786 1942 contra
817 1885 1004 1942 desideratur
1033 1887 1127 1944 litera·
1142 1888 1175 1944 V.

104 1969 261 2044 Scriptura
294 1971 498 2044 ipsamque
528 1989 564 2026 ne
588 1989 677 2026 unum
701 1971 820 2046 quidem
850 1971 983 2028 codicem
1011 1973 1103 2028 habet
1125 1989 1196 2046 pa·¹

103 2060 232 2112 tronum.
279 2055 316 2110 Et
338 2055 563 2112 Rhenovienses
595 2074 859 2130 sparsamque.
906 2057 990 2112 Hanc
1019 2057 1176 2130 lectionem

104 2158 197 2198 sensu
221 2157 337 2208 carere,
362 2145 473 2198 temere
497 2141 659 2198 iudicatum
683 2147 729 2198 est
752 2148 782 2197 et
805 2142 979 2198 inconsulte.
1027 2143 1175 2218 Spargere

103 2226 139 2284 de
172 2229 242 2282 ortu
275 2225 346 2282 solis
382 2227 430 2283 vel
460 2243 584 2283 aurorae
622 2233 668 2283 est
697 2245 753 2284 vox
784 2227 935 2283 sollemnis
973 2245 1007 2284 ac
1039 2227 1173 2287 celebris,

102 2311 208 2386 Virgil.
233 2309 307 2368 Aen.
333 2309 366 2379 9,
390 2311 460 2370 459.
486 2309 515 2379 4,
539 2312 615 2370 584ε
661 2313 777 2370 Etiam
801 2315 899 2390 primo
922 2333 993 2371 notro
1021 2316 1178 2389 spurqebat

106 2399 214 2456 lumine
239 2403 342 2454 terras.
389 2397 477 2453 Silius
502 2397 530 2464 5,
554 2397 610 2456 56:
635 2399 708 2454 diem
721 2417 868 2474 sparsere
889 2401 959 2456 solis
982 2404 1056 2478 equi.
1087 2400 1125 2456 Et
1147 2402 1176 2469 in

102 2484 177 2558 ipsis
207 2474 344 2556 hymnis:
390 2501 496 2540 aurora
526 2485 581 2539 iant
608 2486 722 2558 aparuit
744 2487 851 2559 polam.
903 2483 997 2540 Porro
1027 2491 1116 2542 tunc
1144 2505 1173 2564 l'·

102 2568 152 2627 20.
179 2584 240 2623 una
262 2567 486 2624 commendatur
508 2567 678 2625 membrana
702 2587 797 2645 eaque
814 2571 926 2626 saeculi
942 2569 1048 2626 decimi
1064 2573 1173 2648 quinti:
1189 2561 1193 2568 ⁴

9 2645 11 2652 ’
103 2654 259 2710 saeculum
276 2651 422 2710 decimum
437 2655 519 2710 novit
535 2656 712 2726 scripturam
736 2673 817 2728 quo.
858 2654 1175 2713 Accedunthortus

103 2745 133 2796 et
155 2737 276 2795 kadit.
322 2739 397 2794 Nam
421 2741 477 2794 etsi
501 2738 604 2796 damus
628 2731 742 2810 Murrio,
773 2743 902 2814 priscam
926 2747 1045 2814 gentem
1067 2747 1176 2798 morta·

100 2826 174 2881 lium
197 2826 240 2880 ita
263 2826 430 2898 scripsisse,
456 2841 521 2879 cum
546 2826 603 2881 alia
620 2827 714 2881 minus
730 2825 880 2899 pobabilia
896 2827 963 2893 sint,
989 2829 1077 2883 etiam
1099 2827 1174 2882 haec

101 2929 156 2967 uos
180 2909 345 2968 offendunt.

189 3029 305 3086 Tamen
327 3045 446 3096 carmen
470 3029 645 3087 abedarium
665 3047 732 3108 esse
755 3038 907 3104 potest,
946 3029 999 3088 sed
1029 3049 1096 3103 non·
1110 3039 1176 3106 pot·

104 3123 150 3172 est
173 3116 254 3172 trahi
278 3115 316 3170 ad
338 3117 532 3172 festivitatem
554 3117 736 3190 paschalem.
782 3117 855 3174 Erat
876 3117 977 3184 Monii,
1009 3119 1109 3174 multis
1132 3123 1176 3174 at-

102 3219 161 3276 que
184 3201 302 3258 idoneis
326 3203 503 3258 testimoniis
534 3201 742 3276 comprobare,
773 3205 803 3259 in
833 3221 892 3259 non
921 3204 1009 3266 nullis
1040 3203 1175 3260 ecclesiis

103 3293 256 3353 cantatum
279 3303 348 3343 esse
370 3292 505 3360 tempore
527 3285 671 3362 paschali.
717 3286 797 3344 Libri
820 3306 896 3364 quos
920 3306 976 3362 ego
999 3290 1114 3362 inspexi
1137 3287 1175 3344 ad

101 3389 192 3429 unum
224 3365 334 3429 omnes
358 3373 453 3428 feriali
483 3375 580 3432 officio
611 3389 729 3428 carmen
760 3373 933 3448 adsignant,
967 3389 1064 3447 neque
1094 3373 1174 3429 aliud

102 3458 174 3533 quid
196 3460 346 3532 praecipit
368 3459 553 3514 Breviarium
583 3459 755 3514 Romanum.
801 3461 840 3516 Ut
863 3464 910 3516 est
932 3459 1110 3532 hymnorum
1131 3461 1175 3514 in·

103 3551 219 3618 terpres
243 3545 330 3600 nimis
354 3548 480 3618 argutus
504 3549 534 3600 et
558 3544 690 3612 subtilis,
728 3543 846 3602 Munius
869 3546 899 3600 in
920 3545 1030 3618 hymno
1053 3545 1175 3600 investi·

104 3635 154 3703 gat
183 3629 335 3687 novellam
366 3629 654 3686 catechumenorum
686 3628 790 3697 fidem,
828 3630 995 3704 paganismi
1025 3630 1173 3698 tenebras,

105 3714 268 3789 discipulos
290 3715 468 3771 Emmaunta
497 3717 671 3788 migrantes:
712 3733 768 3789 ego
799 3733 870 3773 vero
900 3715 973 3770 nihil
1002 3713 1088 3772 video
1118 3717 1174 3772 nisi

34 3798 36 3802 ’
104 3803 286 3856 matutinum
304 3817 439 3868 carmen,
465 3805 609 3857 consueta
632 3818 666 3856 ae
691 3801 817 3874 simplici
840 3818 946 3858 vocum
970 3802 1047 3856 serie
1070 3799 1174 3858 decur-

104 3902 179 3941 rens.
226 3886 382 3942 Sententia
412 3887 554 3959 strophae
585 3885 706 3942 ultimae
736 3883 924 3960 apertissima
948 3890 1008 3942 est:
1047 3888 1174 3960 primum

107 3971 276 4043 quaerenda
300 3977 348 4027 est
369 3971 489 4037 fides,
519 3989 554 4027 ex
576 3968 634 4026 fide
658 3976 934 4045 nascuntur¹spes
959 3977 988 4027 et
1012 3973 1172 4028 caritas.

171 4081 192 4132 7.
213 4079 260 4132 Oa.
281 4080 310 4131 P.
330 4084 362 4131 et
381 4079 413 4132 in
432 4079 448 4131 l.
486 4053 525 4132 ld.
546 4077 592 4131 Ca.
611 4079 681 4131 fine
700 4083 896 4148 temporum.

536 4272 736 4282 Ἣ.-
