<?xml version="1.0" encoding="UTF-8"?>
<!DOCTYPE html PUBLIC "-//W3C//DTD XHTML 1.0 Transitional//EN"
    "http://www.w3.org/TR/xhtml1/DTD/xhtml1-transitional.dtd">
<html xmlns="http://www.w3.org/1999/xhtml" xml:lang="en" lang="en">
 <head>
  <title>
</title>
<meta http-equiv="Content-Type" content="text/html;charset=utf-8" />
  <meta name='ocr-system' content='tesseract 3.04.00' />
  <meta name='ocr-capabilities' content='ocr_page ocr_carea ocr_par ocr_line ocrx_word'/>
</head>
<body>
  <div class='ocr_page' id='page_1' title='image "./thesaurushymnol04danigoog/thesaurushymnol04danigoog_0179.png"; bbox 0 0 2772 5024; ppageno 0'>
   <div class='ocr_carea' id='block_1_1' title="bbox 191 592 1170 1276">
    <p class='ocr_par' dir='ltr' id='par_1_1' title="bbox 191 592 1170 1276">
     <span class='ocr_line' id='line_1_1' title="bbox 196 592 1164 682; baseline -0.008 -16"><span class='ocrx_word' id='word_1_1' title='bbox 196 609 351 682; x_wconf 68' lang='grc'><strong>1111011110</strong></span> <span class='ocrx_word' id='word_1_2' title='bbox 370 618 426 680; x_wconf 85' lang='lat' dir='ltr'>pro</span> <span class='ocrx_word' id='word_1_3' title='bbox 446 604 662 662; x_wconf 68' lang='lat' dir='ltr'>ramissabois</span> <span class='ocrx_word' id='word_1_4' title='bbox 682 602 860 678; x_wconf 63' lang='lat' dir='ltr'>macoma</span> <span class='ocrx_word' id='word_1_5' title='bbox 876 607 981 671; x_wconf 72' lang='lat' dir='ltr'>mem,</span> <span class='ocrx_word' id='word_1_6' title='bbox 1040 647 1043 652; x_wconf 93' lang='lat'>.</span> <span class='ocrx_word' id='word_1_7' title='bbox 1146 592 1164 650; x_wconf 73' lang='grc' dir='ltr'>-ἶ</span> 
     </span>
     <span class='ocr_line' id='line_1_2' title="bbox 238 687 1170 766; baseline -0.003 -17"><span class='ocrx_word' id='word_1_8' title='bbox 238 693 363 766; x_wconf 82' lang='lat' dir='ltr'>Nosque</span> <span class='ocrx_word' id='word_1_9' title='bbox 377 708 504 764; x_wconf 85' lang='lat' dir='ltr'>operum</span> <span class='ocrx_word' id='word_1_10' title='bbox 519 689 609 746; x_wconf 80' lang='lat' dir='ltr'>ducet</span> <span class='ocrx_word' id='word_1_11' title='bbox 623 693 718 762; x_wconf 86' lang='lat' dir='ltr'>prata.</span> <span class='ocrx_word' id='word_1_12' title='bbox 732 687 772 744; x_wconf 89' lang='lat' dir='ltr'>ad</span> <span class='ocrx_word' id='word_1_13' title='bbox 787 705 914 746; x_wconf 85' lang='lat' dir='ltr'>amoena</span> <span class='ocrx_word' id='word_1_14' title='bbox 927 689 1067 746; x_wconf 81' lang='lat' dir='ltr'>virorum.</span> <span class='ocrx_word' id='word_1_15' title='bbox 1082 688 1170 755; x_wconf 79' lang='lat' dir='ltr'>(viai)</span> 
     </span>
     <span class='ocr_line' id='line_1_3' title="bbox 193 773 1000 850; baseline -0.006 -15"><span class='ocrx_word' id='word_1_16' title='bbox 193 777 254 836; x_wconf 92' lang='lat' dir='ltr'>Pro</span> <span class='ocrx_word' id='word_1_17' title='bbox 277 779 367 833; x_wconf 88' lang='lat' dir='ltr'>ramis</span> <span class='ocrx_word' id='word_1_18' title='bbox 390 777 475 832; x_wconf 79' lang='lat' dir='ltr'>oleae</span> <span class='ocrx_word' id='word_1_19' title='bbox 497 777 604 850; x_wconf 87' lang='lat' dir='ltr'>pietas,</span> <span class='ocrx_word' id='word_1_20' title='bbox 628 775 687 843; x_wconf 85' lang='lat' dir='ltr'>lux,</span> <span class='ocrx_word' id='word_1_21' title='bbox 711 773 881 849; x_wconf 77' lang='lat' dir='ltr'><strong>dogmaque</strong></span> <span class='ocrx_word' id='word_1_22' title='bbox 904 776 1000 830; x_wconf 90' lang='lat' dir='ltr'>sancti</span> 
     </span>
     <span class='ocr_line' id='line_1_4' title="bbox 238 859 907 934; baseline -0.01 -14"><span class='ocrx_word' id='word_1_23' title='bbox 238 863 378 920; x_wconf 74' lang='lat' dir='ltr'>mominis</span> <span class='ocrx_word' id='word_1_24' title='bbox 400 863 430 918; x_wconf 91' lang='lat' dir='ltr'>in</span> <span class='ocrx_word' id='word_1_25' title='bbox 453 861 538 918; x_wconf 90' lang='lat' dir='ltr'>nobis</span> <span class='ocrx_word' id='word_1_26' title='bbox 562 863 601 916; x_wconf 89' lang='lat' dir='ltr'>sit</span> <span class='ocrx_word' id='word_1_27' title='bbox 622 859 674 916; x_wconf 88' lang='lat' dir='ltr'>tibi</span> <span class='ocrx_word' id='word_1_28' title='bbox 695 861 753 916; x_wconf 87' lang='lat' dir='ltr'>rite</span> <span class='ocrx_word' id='word_1_29' title='bbox 775 861 907 934; x_wconf 82' lang='lat' dir='ltr'>placens.</span> 
     </span>
     <span class='ocr_line' id='line_1_5' title="bbox 193 943 1003 1021; baseline -0.007 -16"><span class='ocrx_word' id='word_1_30' title='bbox 193 949 314 1006; x_wconf 86' lang='lat' dir='ltr'>Arbore</span> <span class='ocrx_word' id='word_1_31' title='bbox 336 947 373 1003; x_wconf 91' lang='lat' dir='ltr'>de</span> <span class='ocrx_word' id='word_1_32' title='bbox 395 948 472 1021; x_wconf 77' lang='lat' dir='ltr'>legis</span> <span class='ocrx_word' id='word_1_33' title='bbox 496 945 656 1002; x_wconf 72' lang='lat' dir='ltr'>caedamus</span> <span class='ocrx_word' id='word_1_34' title='bbox 680 944 824 1020; x_wconf 80' lang='lat' dir='ltr'>dogrnnta</span> <span class='ocrx_word' id='word_1_35' title='bbox 846 943 1003 1020; x_wconf 77' lang='lat' dir='ltr'>quaedem,</span> 
     </span>
     <span class='ocr_line' id='line_1_6' title="bbox 239 1029 934 1102; baseline -0.004 -13"><span class='ocrx_word' id='word_1_36' title='bbox 239 1033 332 1102; x_wconf 83' lang='lat' dir='ltr'>Queis</span> <span class='ocrx_word' id='word_1_37' title='bbox 355 1031 493 1090; x_wconf 82' lang='lat' dir='ltr'>veniendi</span> <span class='ocrx_word' id='word_1_38' title='bbox 516 1030 555 1087; x_wconf 90' lang='lat' dir='ltr'>ad</span> <span class='ocrx_word' id='word_1_39' title='bbox 577 1049 632 1087; x_wconf 88' lang='lat' dir='ltr'>nos</span> <span class='ocrx_word' id='word_1_40' title='bbox 656 1031 694 1086; x_wconf 90' lang='lat' dir='ltr'>sit</span> <span class='ocrx_word' id='word_1_41' title='bbox 715 1032 764 1087; x_wconf 83' lang='lat' dir='ltr'>via</span> <span class='ocrx_word' id='word_1_42' title='bbox 786 1035 852 1087; x_wconf 85' lang='lat' dir='ltr'>tuta</span> <span class='ocrx_word' id='word_1_43' title='bbox 873 1029 934 1086; x_wconf 88' lang='lat' dir='ltr'>tibi.</span> 
     </span>
     <span class='ocr_line' id='line_1_7' title="bbox 191 1115 1038 1192; baseline -0.004 -17"><span class='ocrx_word' id='word_1_44' title='bbox 191 1120 368 1192; x_wconf 79' lang='lat' dir='ltr'><strong>Nostraque</strong></span> <span class='ocrx_word' id='word_1_45' title='bbox 391 1119 434 1174; x_wconf 89' lang='lat' dir='ltr'>sic</span> <span class='ocrx_word' id='word_1_46' title='bbox 456 1133 600 1192; x_wconf 84' lang='lat' dir='ltr'>praesens</span> <span class='ocrx_word' id='word_1_47' title='bbox 625 1115 756 1172; x_wconf 86' lang='lat' dir='ltr'>celebret</span> <span class='ocrx_word' id='word_1_48' title='bbox 779 1115 897 1174; x_wconf 85' lang='lat' dir='ltr'>devotio</span> <span class='ocrx_word' id='word_1_49' title='bbox 919 1115 1038 1182; x_wconf 82' lang='lat' dir='ltr'>festum,</span> 
     </span>
     <span class='ocr_line' id='line_1_8' title="bbox 238 1201 922 1276; baseline -0.009 -14"><span class='ocrx_word' id='word_1_50' title='bbox 238 1205 386 1262; x_wconf 80' lang='lat' dir='ltr'>Continua</span> <span class='ocrx_word' id='word_1_51' title='bbox 408 1209 443 1260; x_wconf 91' lang='lat' dir='ltr'>ut</span> <span class='ocrx_word' id='word_1_52' title='bbox 464 1201 585 1262; x_wconf 82' lang='lat' dir='ltr'>valeant</span> <span class='ocrx_word' id='word_1_53' title='bbox 606 1217 705 1259; x_wconf 87' lang='lat' dir='ltr'>annua</span> <span class='ocrx_word' id='word_1_54' title='bbox 727 1201 806 1258; x_wconf 79' lang='lat' dir='ltr'>festa</span> <span class='ocrx_word' id='word_1_55' title='bbox 828 1202 922 1276; x_wconf 85' lang='lat' dir='ltr'>sequi.</span> 
     </span>
    </p>
   </div>
   <div class='ocr_carea' id='block_1_2' title="bbox 108 1391 1246 1586">
    <p class='ocr_par' dir='ltr' id='par_1_2' title="bbox 108 1391 1246 1586">
     <span class='ocr_line' id='line_1_9' title="bbox 314 1391 976 1462; baseline -0.006 0"><span class='ocrx_word' id='word_1_56' title='bbox 314 1393 409 1462; x_wconf 84' lang='lat' dir='ltr'>Audi</span> <span class='ocrx_word' id='word_1_57' title='bbox 430 1395 541 1461; x_wconf 79' lang='lat' dir='ltr'>iudex</span> <span class='ocrx_word' id='word_1_58' title='bbox 561 1398 790 1462; x_wconf 83' lang='lat' dir='ltr'>mortuorum.</span> <span class='ocrx_word' id='word_1_59' title='bbox 831 1391 870 1462; x_wconf 91' lang='lat' dir='ltr'>V.</span> <span class='ocrx_word' id='word_1_60' title='bbox 893 1391 976 1460; x_wconf 83' lang='lat' dir='ltr'>Ber.</span> 
     </span>
     <span class='ocr_line' id='line_1_10' title="bbox 108 1492 1246 1586; baseline -0.004 -33"><span class='ocrx_word' id='word_1_61' title='bbox 108 1497 359 1565; x_wconf 67' lang='grc'><strong>’1110111237</strong></span> <span class='ocrx_word' id='word_1_62' title='bbox 394 1495 430 1548; x_wconf 91' lang='lat' dir='ltr'>II.</span> <span class='ocrx_word' id='word_1_63' title='bbox 448 1495 506 1548; x_wconf 85' lang='grc'><strong>383.</strong></span> <span class='ocrx_word' id='word_1_64' title='bbox 541 1495 672 1550; x_wconf 77' lang='grc'><strong>111286.</strong></span> <span class='ocrx_word' id='word_1_65' title='bbox 708 1495 741 1547; x_wconf 92' lang='lat' dir='ltr'>In</span> <span class='ocrx_word' id='word_1_66' title='bbox 763 1493 982 1548; x_wconf 84' lang='lat' dir='ltr'>Consecratione</span> <span class='ocrx_word' id='word_1_67' title='bbox 1005 1492 1180 1549; x_wconf 76' lang='lat' dir='ltr'>chrismatis.</span> <span class='ocrx_word' id='word_1_68' title='bbox 1239 1567 1246 1586; x_wconf 36' lang='grc' dir='ltr'>ι</span> 
     </span>
    </p>
   </div>
   <div class='ocr_carea' id='block_1_3' title="bbox 34 1607 1256 3222">
    <p class='ocr_par' dir='ltr' id='par_1_3' title="bbox 47 1607 1180 2108">
     <span class='ocr_line' id='line_1_11' title="bbox 191 1607 1179 1686; baseline -0.002 -18"><span class='ocrx_word' id='word_1_69' title='bbox 191 1610 344 1684; x_wconf 79' lang='lat' dir='ltr'>Hymnun&#39;r</span> <span class='ocrx_word' id='word_1_70' title='bbox 367 1625 435 1666; x_wconf 90' lang='lat' dir='ltr'>esse</span> <span class='ocrx_word' id='word_1_71' title='bbox 457 1608 612 1664; x_wconf 86' lang='lat' dir='ltr'>Fortunati</span> <span class='ocrx_word' id='word_1_72' title='bbox 634 1609 756 1675; x_wconf 83' lang='lat' dir='ltr'>foetum,</span> <span class='ocrx_word' id='word_1_73' title='bbox 779 1613 813 1664; x_wconf 94' lang='lat' dir='ltr'>ut</span> <span class='ocrx_word' id='word_1_74' title='bbox 833 1607 948 1679; x_wconf 86' lang='lat' dir='ltr'>Luchio</span> <span class='ocrx_word' id='word_1_75' title='bbox 970 1611 1082 1686; x_wconf 89' lang='lat' dir='ltr'>placet,</span> <span class='ocrx_word' id='word_1_76' title='bbox 1106 1611 1179 1666; x_wconf 90' lang='lat' dir='ltr'>satis</span> 
     </span>
     <span class='ocr_line' id='line_1_12' title="bbox 47 1693 1180 1777; baseline -0.004 -23"><span class='ocrx_word' id='word_1_77' title='bbox 47 1703 51 1708; x_wconf 80' lang='grc'><strong>“</strong></span> <span class='ocrx_word' id='word_1_78' title='bbox 106 1697 222 1754; x_wconf 90' lang='lat' dir='ltr'>indicat</span> <span class='ocrx_word' id='word_1_79' title='bbox 244 1695 345 1752; x_wconf 81' lang='lat' dir='ltr'>Codex</span> <span class='ocrx_word' id='word_1_80' title='bbox 366 1694 493 1750; x_wconf 87' lang='lat' dir='ltr'>Rituslis</span> <span class='ocrx_word' id='word_1_81' title='bbox 507 1693 662 1752; x_wconf 79' lang='lat' dir='ltr'>Ecclesiae</span> <span class='ocrx_word' id='word_1_82' title='bbox 677 1693 862 1777; x_wconf 80' lang='lat' dir='ltr'>Bisun&#39;tinae¹</span> <span class='ocrx_word' id='word_1_83' title='bbox 875 1711 953 1754; x_wconf 88' lang='lat' dir='ltr'>saec.</span> <span class='ocrx_word' id='word_1_84' title='bbox 975 1695 1026 1752; x_wconf 92' lang='lat' dir='ltr'>XI.</span> <span class='ocrx_word' id='word_1_85' title='bbox 1051 1696 1180 1752; x_wconf 89' lang='lat' dir='ltr'>conscri-</span> 
     </span>
     <span class='ocr_line' id='line_1_13' title="bbox 87 1777 1178 1858; baseline -0.006 -16"><span class='ocrx_word' id='word_1_86' title='bbox 87 1837 92 1842; x_wconf 90' lang='lat'>.</span> <span class='ocrx_word' id='word_1_87' title='bbox 106 1788 177 1858; x_wconf 87' lang='lat' dir='ltr'>ptus</span> <span class='ocrx_word' id='word_1_88' title='bbox 194 1787 228 1838; x_wconf 89' lang='lat' dir='ltr'>et</span> <span class='ocrx_word' id='word_1_89' title='bbox 242 1784 415 1842; x_wconf 79' lang='lat' dir='ltr'>asservatus</span> <span class='ocrx_word' id='word_1_90' title='bbox 435 1781 466 1835; x_wconf 94' lang='lat' dir='ltr'>in</span> <span class='ocrx_word' id='word_1_91' title='bbox 481 1779 612 1836; x_wconf 79' lang='lat' dir='ltr'>archivio</span> <span class='ocrx_word' id='word_1_92' title='bbox 628 1777 816 1836; x_wconf 72' lang='lat' dir='ltr'>cathedralis</span> <span class='ocrx_word' id='word_1_93' title='bbox 832 1779 986 1838; x_wconf 82' lang='lat' dir='ltr'>Ecclesiae</span> <span class='ocrx_word' id='word_1_94' title='bbox 1001 1779 1178 1848; x_wconf 80' lang='lat' dir='ltr'>veliternae,</span> 
     </span>
     <span class='ocr_line' id='line_1_14' title="bbox 106 1864 1180 1943; baseline -0.005 -18"><span class='ocrx_word' id='word_1_95' title='bbox 106 1871 140 1932; x_wconf 62' lang='lat' dir='ltr'>in,</span> <span class='ocrx_word' id='word_1_96' title='bbox 159 1885 221 1943; x_wconf 93' lang='lat' dir='ltr'>quo</span> <span class='ocrx_word' id='word_1_97' title='bbox 244 1867 357 1941; x_wconf 82' lang='lat' dir='ltr'>legitur</span> <span class='ocrx_word' id='word_1_98' title='bbox 379 1864 433 1922; x_wconf 88' lang='lat' dir='ltr'>sub</span> <span class='ocrx_word' id='word_1_99' title='bbox 463 1865 521 1920; x_wconf 92' lang='lat' dir='ltr'>hoc</span> <span class='ocrx_word' id='word_1_100' title='bbox 551 1864 653 1920; x_wconf 86' lang='lat' dir='ltr'>titulo:</span> <span class='ocrx_word' id='word_1_101' title='bbox 684 1865 796 1922; x_wconf 90' lang='lat' dir='ltr'>Versus</span> <span class='ocrx_word' id='word_1_102' title='bbox 818 1864 974 1924; x_wconf 87' lang='lat' dir='ltr'>Fortunati</span> <span class='ocrx_word' id='word_1_103' title='bbox 1002 1867 1031 1922; x_wconf 94' lang='lat' dir='ltr'>in</span> <span class='ocrx_word' id='word_1_104' title='bbox 1060 1864 1180 1922; x_wconf 88' lang='lat' dir='ltr'>laudem</span> 
     </span>
     <span class='ocr_line' id='line_1_15' title="bbox 106 1948 1180 2018; baseline -0.005 -7"><span class='ocrx_word' id='word_1_105' title='bbox 106 1953 295 2011; x_wconf 74' lang='lat' dir='ltr'>chrismatis.</span> <span class='ocrx_word' id='word_1_106' title='bbox 318 1949 363 2018; x_wconf 86' lang='grc' dir='ltr'>(Β)</span> <span class='ocrx_word' id='word_1_107' title='bbox 407 1951 482 2006; x_wconf 89' lang='lat' dir='ltr'>Eum</span> <span class='ocrx_word' id='word_1_108' title='bbox 505 1948 597 2006; x_wconf 82' lang='lat' dir='ltr'>edidit</span> <span class='ocrx_word' id='word_1_109' title='bbox 623 1948 651 2006; x_wconf 91' lang='lat' dir='ltr'>J.</span> <span class='ocrx_word' id='word_1_110' title='bbox 676 1949 707 2006; x_wconf 78' lang='grc' dir='ltr'>Θ.</span> <span class='ocrx_word' id='word_1_111' title='bbox 732 1949 976 2008; x_wconf 89' lang='lat' dir='ltr'>Trombellius</span> <span class='ocrx_word' id='word_1_112' title='bbox 997 1952 1028 2009; x_wconf 90' lang='lat' dir='ltr'>in</span> <span class='ocrx_word' id='word_1_113' title='bbox 1050 1955 1120 2008; x_wconf 90' lang='lat' dir='ltr'>tom.</span> <span class='ocrx_word' id='word_1_114' title='bbox 1143 1949 1180 2018; x_wconf 88' lang='lat' dir='ltr'>II.</span> 
     </span>
     <span class='ocr_line' id='line_1_16' title="bbox 104 2033 581 2108; baseline -0.019 -9"><span class='ocrx_word' id='word_1_115' title='bbox 104 2043 194 2099; x_wconf 80' lang='lat' dir='ltr'>tract.</span> <span class='ocrx_word' id='word_1_116' title='bbox 220 2036 258 2093; x_wconf 90' lang='lat' dir='ltr'>de</span> <span class='ocrx_word' id='word_1_117' title='bbox 282 2036 363 2094; x_wconf 84' lang='lat' dir='ltr'>Sacr.</span> <span class='ocrx_word' id='word_1_118' title='bbox 386 2054 415 2108; x_wconf 90' lang='lat' dir='ltr'>p.</span> <span class='ocrx_word' id='word_1_119' title='bbox 440 2034 511 2094; x_wconf 85' lang='grc'><strong>255.</strong></span> <span class='ocrx_word' id='word_1_120' title='bbox 536 2033 581 2102; x_wconf 86' lang='grc' dir='ltr'>(Τ)</span> 
     </span>
    </p>

    <p class='ocr_par' dir='ltr' id='par_1_4' title="bbox 34 2117 1256 3222">
     <span class='ocr_line' id='line_1_17' title="bbox 165 2117 1180 2202; baseline -0.002 -22"><span class='ocrx_word' id='word_1_121' title='bbox 165 2195 168 2202; x_wconf 33' lang='lat'><strong><em>¹</em></strong></span> <span class='ocrx_word' id='word_1_122' title='bbox 196 2125 222 2180; x_wconf 92' lang='lat'>1.</span> <span class='ocrx_word' id='word_1_123' title='bbox 245 2122 278 2179; x_wconf 90' lang='lat' dir='ltr'>T.</span> <span class='ocrx_word' id='word_1_124' title='bbox 302 2120 346 2188; x_wconf 85' lang='lat' dir='ltr'>(ut</span> <span class='ocrx_word' id='word_1_125' title='bbox 371 2121 438 2176; x_wconf 90' lang='lat' dir='ltr'>libri</span> <span class='ocrx_word' id='word_1_126' title='bbox 464 2121 588 2176; x_wconf 84' lang='lat' dir='ltr'>rituales</span> <span class='ocrx_word' id='word_1_127' title='bbox 614 2117 757 2194; x_wconf 57' lang='lat' dir='ltr'>plurimu</span> <span class='ocrx_word' id='word_1_128' title='bbox 788 2121 910 2178; x_wconf 85' lang='lat' dir='ltr'>carmini</span> <span class='ocrx_word' id='word_1_129' title='bbox 934 2122 1099 2195; x_wconf 85' lang='lat' dir='ltr'>praemittit</span> <span class='ocrx_word' id='word_1_130' title='bbox 1124 2121 1180 2194; x_wconf 89' lang='lat' dir='ltr'>hy-</span> 
     </span>
     <span class='ocr_line' id='line_1_18' title="bbox 102 2205 1178 2284; baseline -0.006 -16"><span class='ocrx_word' id='word_1_131' title='bbox 102 2209 282 2284; x_wconf 89' lang='lat' dir='ltr'>popsalma:</span> <span class='ocrx_word' id='word_1_132' title='bbox 320 2205 345 2262; x_wconf 93' lang='grc' dir='ltr'>Ο</span> <span class='ocrx_word' id='word_1_133' title='bbox 376 2205 591 2280; x_wconf 84' lang='lat' dir='ltr'>redemptor</span> <span class='ocrx_word' id='word_1_134' title='bbox 621 2223 717 2262; x_wconf 90' lang='lat' dir='ltr'>sume</span> <span class='ocrx_word' id='word_1_135' title='bbox 747 2222 892 2262; x_wconf 87' lang='lat' dir='ltr'>carmen</span> <span class='ocrx_word' id='word_1_136' title='bbox 921 2211 1032 2264; x_wconf 89' lang='lat' dir='ltr'>temet</span> <span class='ocrx_word' id='word_1_137' title='bbox 1061 2207 1178 2262; x_wconf 90' lang='lat' dir='ltr'>conci·</span> 
     </span>
     <span class='ocr_line' id='line_1_19' title="bbox 103 2289 1179 2354; baseline -0.001 -1"><span class='ocrx_word' id='word_1_138' title='bbox 103 2297 278 2352; x_wconf 84' lang='lat' dir='ltr'>nentium.</span> <span class='ocrx_word' id='word_1_139' title='bbox 314 2292 348 2346; x_wconf 93' lang='lat' dir='ltr'>B.</span> <span class='ocrx_word' id='word_1_140' title='bbox 365 2289 436 2348; x_wconf 86' lang='lat' dir='ltr'>cod.</span> <span class='ocrx_word' id='word_1_141' title='bbox 453 2291 566 2346; x_wconf 92' lang='lat' dir='ltr'>Bonon.</span> <span class='ocrx_word' id='word_1_142' title='bbox 583 2290 690 2348; x_wconf 81' lang='lat' dir='ltr'>Pontis.</span> <span class='ocrx_word' id='word_1_143' title='bbox 714 2291 830 2348; x_wconf 85' lang='lat' dir='ltr'>Alberti</span> <span class='ocrx_word' id='word_1_144' title='bbox 847 2291 1009 2354; x_wconf 83' lang='lat' dir='ltr'>Castellani</span> <span class='ocrx_word' id='word_1_145' title='bbox 1032 2291 1077 2350; x_wconf 90' lang='lat' dir='ltr'>ed.</span> <span class='ocrx_word' id='word_1_146' title='bbox 1098 2290 1179 2352; x_wconf 79' lang='lat'>1743</span> 
     </span>
     <span class='ocr_line' id='line_1_20' title="bbox 102 2375 1178 2438; baseline -0.004 -2"><span class='ocrx_word' id='word_1_147' title='bbox 102 2380 264 2438; x_wconf 88' lang='lat' dir='ltr'>nobiscum</span> <span class='ocrx_word' id='word_1_148' title='bbox 284 2378 404 2432; x_wconf 83' lang='lat' dir='ltr'>faciunt.</span> <span class='ocrx_word' id='word_1_149' title='bbox 444 2377 472 2435; x_wconf 86' lang='lat'>2.</span> <span class='ocrx_word' id='word_1_150' title='bbox 496 2375 630 2433; x_wconf 89' lang='lat' dir='ltr'>Pontific.</span> <span class='ocrx_word' id='word_1_151' title='bbox 652 2376 752 2434; x_wconf 90' lang='lat' dir='ltr'>Innoc.</span> <span class='ocrx_word' id='word_1_152' title='bbox 776 2376 852 2434; x_wconf 88' lang='lat' dir='ltr'>VIII.</span> <span class='ocrx_word' id='word_1_153' title='bbox 876 2377 1112 2436; x_wconf 87' lang='lat' dir='ltr'>credentium.</span> <span class='ocrx_word' id='word_1_154' title='bbox 1150 2377 1178 2434; x_wconf 87' lang='grc'>3.</span> 
     </span>
     <span class='ocr_line' id='line_1_21' title="bbox 102 2461 1177 2536; baseline -0.002 -14"><span class='ocrx_word' id='word_1_155' title='bbox 102 2466 137 2522; x_wconf 93' lang='grc' dir='ltr'>Β.</span> <span class='ocrx_word' id='word_1_156' title='bbox 163 2464 237 2522; x_wconf 82' lang='lat' dir='ltr'>cod.</span> <span class='ocrx_word' id='word_1_157' title='bbox 266 2463 379 2518; x_wconf 91' lang='lat' dir='ltr'>Bonon.</span> <span class='ocrx_word' id='word_1_158' title='bbox 410 2461 531 2518; x_wconf 85' lang='lat' dir='ltr'>Castell.</span> <span class='ocrx_word' id='word_1_159' title='bbox 562 2462 831 2536; x_wconf 81' lang='lat' dir='ltr'>proferentium.</span> <span class='ocrx_word' id='word_1_160' title='bbox 882 2463 910 2520; x_wconf 83' lang='lat'>4.</span> <span class='ocrx_word' id='word_1_161' title='bbox 939 2464 972 2520; x_wconf 91' lang='lat' dir='ltr'>B.</span> <span class='ocrx_word' id='word_1_162' title='bbox 1001 2463 1072 2520; x_wconf 79' lang='lat' dir='ltr'>(lod.</span> <span class='ocrx_word' id='word_1_163' title='bbox 1103 2463 1177 2520; x_wconf 88' lang='lat' dir='ltr'>Bon.</span> 
     </span>
     <span class='ocr_line' id='line_1_22' title="bbox 34 2547 1179 2624; baseline -0.001 -16"><span class='ocrx_word' id='word_1_164' title='bbox 34 2565 40 2575; x_wconf 89' lang='lat'>·</span> <span class='ocrx_word' id='word_1_165' title='bbox 102 2551 194 2608; x_wconf 90' lang='lat' dir='ltr'>Pont.</span> <span class='ocrx_word' id='word_1_166' title='bbox 218 2550 319 2606; x_wconf 89' lang='lat' dir='ltr'>Innoc.</span> <span class='ocrx_word' id='word_1_167' title='bbox 343 2547 419 2604; x_wconf 85' lang='lat' dir='ltr'>VIII.</span> <span class='ocrx_word' id='word_1_168' title='bbox 448 2547 734 2620; x_wconf 75' lang='lat' dir='ltr'>praemiumT.</span> <span class='ocrx_word' id='word_1_169' title='bbox 760 2550 954 2622; x_wconf 82' lang='lat' dir='ltr'>praevium.</span> <span class='ocrx_word' id='word_1_170' title='bbox 990 2549 1126 2624; x_wconf 86' lang='lat' dir='ltr'>Respicit</span> <span class='ocrx_word' id='word_1_171' title='bbox 1146 2553 1179 2607; x_wconf 86' lang='lat' dir='ltr'>ut</span> 
     </span>
     <span class='ocr_line' id='line_1_23' title="bbox 102 2633 1179 2711; baseline -0.002 -19"><span class='ocrx_word' id='word_1_172' title='bbox 102 2641 180 2711; x_wconf 85' lang='lat' dir='ltr'>puto</span> <span class='ocrx_word' id='word_1_173' title='bbox 205 2634 245 2690; x_wconf 88' lang='lat' dir='ltr'>ad</span> <span class='ocrx_word' id='word_1_174' title='bbox 265 2651 364 2690; x_wconf 83' lang='lat' dir='ltr'>ramos</span> <span class='ocrx_word' id='word_1_175' title='bbox 388 2633 532 2690; x_wconf 87' lang='lat' dir='ltr'>olivarum</span> <span class='ocrx_word' id='word_1_176' title='bbox 554 2633 661 2708; x_wconf 87' lang='lat' dir='ltr'>quibus</span> <span class='ocrx_word' id='word_1_177' title='bbox 678 2633 796 2689; x_wconf 85' lang='lat' dir='ltr'>Christo</span> <span class='ocrx_word' id='word_1_178' title='bbox 811 2633 937 2690; x_wconf 89' lang='lat' dir='ltr'>Domino</span> <span class='ocrx_word' id='word_1_179' title='bbox 958 2634 1179 2707; x_wconf 82' lang='lat' dir='ltr'>Jerosolymasa</span> 
     </span>
     <span class='ocr_line' id='line_1_24' title="bbox 103 2717 1179 2794; baseline -0.006 -14"><span class='ocrx_word' id='word_1_180' title='bbox 103 2721 267 2780; x_wconf 88' lang='lat' dir='ltr'>celebriter</span> <span class='ocrx_word' id='word_1_181' title='bbox 281 2717 459 2794; x_wconf 81' lang='lat' dir='ltr'>ingredienti</span> <span class='ocrx_word' id='word_1_182' title='bbox 476 2718 562 2776; x_wconf 88' lang='lat' dir='ltr'>obvia</span> <span class='ocrx_word' id='word_1_183' title='bbox 584 2717 672 2774; x_wconf 88' lang='lat' dir='ltr'>turba</span> <span class='ocrx_word' id='word_1_184' title='bbox 687 2719 767 2774; x_wconf 86' lang='lat' dir='ltr'>facta</span> <span class='ocrx_word' id='word_1_185' title='bbox 786 2723 841 2774; x_wconf 90' lang='lat' dir='ltr'>est.</span> <span class='ocrx_word' id='word_1_186' title='bbox 874 2719 918 2786; x_wconf 79' lang='lat' dir='ltr'>At</span> <span class='ocrx_word' id='word_1_187' title='bbox 941 2718 1013 2794; x_wconf 90' lang='lat' dir='ltr'>quid</span> <span class='ocrx_word' id='word_1_188' title='bbox 1035 2719 1179 2784; x_wconf 75' lang='lat' dir='ltr'>olivarum</span> 
     </span>
     <span class='ocr_line' id='line_1_25' title="bbox 103 2801 1256 2877; baseline -0.004 -13"><span class='ocrx_word' id='word_1_189' title='bbox 103 2806 349 2864; x_wconf 87' lang='lat' dir='ltr'>commemoratio</span> <span class='ocrx_word' id='word_1_190' title='bbox 371 2806 517 2875; x_wconf 81' lang='lat' dir='ltr'>in&#39;coena</span> <span class='ocrx_word' id='word_1_191' title='bbox 531 2804 664 2862; x_wconf 85' lang='lat' dir='ltr'>Domini?</span> <span class='ocrx_word' id='word_1_192' title='bbox 700 2803 785 2860; x_wconf 92' lang='lat' dir='ltr'>Pont.</span> <span class='ocrx_word' id='word_1_193' title='bbox 808 2804 922 2862; x_wconf 88' lang='lat' dir='ltr'>Bisunt</span> <span class='ocrx_word' id='word_1_194' title='bbox 946 2821 987 2862; x_wconf 88' lang='lat' dir='ltr'>sc.</span> <span class='ocrx_word' id='word_1_195' title='bbox 1011 2804 1074 2860; x_wconf 92' lang='lat' dir='ltr'>XII.</span> <span class='ocrx_word' id='word_1_196' title='bbox 1099 2801 1180 2877; x_wconf 88' lang='lat' dir='ltr'>apud</span> <span class='ocrx_word' id='word_1_197' title='bbox 1252 2861 1256 2866; x_wconf 61' lang='grc'><strong><em>,</em></strong></span> 
     </span>
     <span class='ocr_line' id='line_1_26' title="bbox 102 2889 1177 2964; baseline -0.005 -14"><span class='ocrx_word' id='word_1_198' title='bbox 102 2891 244 2950; x_wconf 87' lang='lat' dir='ltr'>Martene</span> <span class='ocrx_word' id='word_1_199' title='bbox 267 2892 345 2948; x_wconf 85' lang='lat' dir='ltr'>Dise.</span> <span class='ocrx_word' id='word_1_200' title='bbox 367 2909 398 2964; x_wconf 89' lang='lat' dir='ltr'>p.</span> <span class='ocrx_word' id='word_1_201' title='bbox 413 2889 484 2948; x_wconf 83' lang='lat'>309.</span> <span class='ocrx_word' id='word_1_202' title='bbox 509 2889 635 2946; x_wconf 90' lang='lat' dir='ltr'>donum</span> <span class='ocrx_word' id='word_1_203' title='bbox 656 2891 761 2964; x_wconf 87' lang='lat' dir='ltr'>pacis</span> <span class='ocrx_word' id='word_1_204' title='bbox 783 2889 975 2964; x_wconf 87' lang='lat' dir='ltr'>perditum.</span> <span class='ocrx_word' id='word_1_205' title='bbox 1012 2891 1040 2948; x_wconf 89' lang='lat'>8.</span> <span class='ocrx_word' id='word_1_206' title='bbox 1059 2890 1126 2946; x_wconf 84' lang='lat' dir='ltr'>Ber.</span> <span class='ocrx_word' id='word_1_207' title='bbox 1144 2889 1177 2958; x_wconf 95' lang='lat' dir='ltr'>T.</span> 
     </span>
     <span class='ocr_line' id='line_1_27' title="bbox 102 2973 1179 3049; baseline -0.001 -14"><span class='ocrx_word' id='word_1_208' title='bbox 102 2997 174 3038; x_wconf 87' lang='lat' dir='ltr'>cum</span> <span class='ocrx_word' id='word_1_209' title='bbox 189 2976 326 3034; x_wconf 87' lang='lat' dir='ltr'>omnibus</span> <span class='ocrx_word' id='word_1_210' title='bbox 348 2981 384 3031; x_wconf 92' lang='lat' dir='ltr'>ut</span> <span class='ocrx_word' id='word_1_211' title='bbox 397 2973 515 3031; x_wconf 89' lang='lat' dir='ltr'>videtur</span> <span class='ocrx_word' id='word_1_212' title='bbox 530 2974 614 3031; x_wconf 87' lang='lat' dir='ltr'>libris</span> <span class='ocrx_word' id='word_1_213' title='bbox 630 2976 692 3032; x_wconf 89' lang='lat' dir='ltr'>suis</span> <span class='ocrx_word' id='word_1_214' title='bbox 716 2974 942 3049; x_wconf 78' lang='lat' dir='ltr'>sacrandum.</span> <span class='ocrx_word' id='word_1_215' title='bbox 962 3009 969 3019; x_wconf 50' lang='grc' dir='ltr'><em>ι</em></span> <span class='ocrx_word' id='word_1_216' title='bbox 984 2977 1031 3036; x_wconf 93' lang='grc'>11.</span> <span class='ocrx_word' id='word_1_217' title='bbox 1056 2975 1089 3032; x_wconf 88' lang='grc' dir='ltr'>Τ.</span> <span class='ocrx_word' id='word_1_218' title='bbox 1113 2975 1179 3034; x_wconf 83' lang='lat' dir='ltr'>sel·</span> 
     </span>
     <span class='ocr_line' id='line_1_28' title="bbox 102 3059 1177 3138; baseline -0.004 -16"><span class='ocrx_word' id='word_1_219' title='bbox 102 3068 223 3122; x_wconf 86' lang='lat' dir='ltr'>vator.</span> <span class='ocrx_word' id='word_1_220' title='bbox 270 3063 317 3120; x_wconf 89' lang='grc'>12.</span> <span class='ocrx_word' id='word_1_221' title='bbox 340 3060 448 3126; x_wconf 85' lang='lat' dir='ltr'>Pontis.</span> <span class='ocrx_word' id='word_1_222' title='bbox 470 3061 571 3116; x_wconf 92' lang='lat' dir='ltr'>Innoc.</span> <span class='ocrx_word' id='word_1_223' title='bbox 587 3059 664 3138; x_wconf 85' lang='lat' dir='ltr'>VIII.</span> <span class='ocrx_word' id='word_1_224' title='bbox 687 3060 786 3117; x_wconf 89' lang='lat' dir='ltr'>humi</span> <span class='ocrx_word' id='word_1_225' title='bbox 810 3062 943 3135; x_wconf 84' lang='lat' dir='ltr'>supplex.</span> <span class='ocrx_word' id='word_1_226' title='bbox 966 3061 1040 3118; x_wconf 89' lang='lat' dir='ltr'>Bon.</span> <span class='ocrx_word' id='word_1_227' title='bbox 1063 3061 1177 3126; x_wconf 84' lang='lat' dir='ltr'>humo.</span> 
     </span>
     <span class='ocr_line' id='line_1_29' title="bbox 79 3147 1179 3222; baseline -0.002 -16"><span class='ocrx_word' id='word_1_228' title='bbox 79 3149 156 3206; x_wconf 82' lang='lat' dir='ltr'><strong>-T.:</strong></span> <span class='ocrx_word' id='word_1_229' title='bbox 179 3149 265 3206; x_wconf 78' lang='lat' dir='ltr'>Hanc</span> <span class='ocrx_word' id='word_1_230' title='bbox 280 3148 427 3204; x_wconf 77' lang='lat' dir='ltr'>lectionem</span> <span class='ocrx_word' id='word_1_231' title='bbox 441 3149 563 3220; x_wconf 80' lang='lat' dir='ltr'>reliquis·</span> <span class='ocrx_word' id='word_1_232' title='bbox 579 3147 721 3222; x_wconf 79' lang='lat' dir='ltr'>praefero</span> <span class='ocrx_word' id='word_1_233' title='bbox 743 3155 774 3204; x_wconf 82' lang='lat' dir='ltr'>et</span> <span class='ocrx_word' id='word_1_234' title='bbox 794 3164 833 3202; x_wconf 83' lang='grc'>011</span> <span class='ocrx_word' id='word_1_235' title='bbox 855 3165 889 3204; x_wconf 81' lang='lat' dir='ltr'>ca</span> <span class='ocrx_word' id='word_1_236' title='bbox 905 3147 1063 3206; x_wconf 79' lang='lat' dir='ltr'>derivatum</span> <span class='ocrx_word' id='word_1_237' title='bbox 1084 3148 1179 3222; x_wconf 77' lang='lat' dir='ltr'>suspi-</span> 
     </span>
    </p>
   </div>
   <div class='ocr_carea' id='block_1_4' title="bbox 11 3229 1176 3308">
    <p class='ocr_par' dir='ltr' id='par_1_5' title="bbox 11 3229 1176 3308">
     <span class='ocr_line' id='line_1_30' title="bbox 11 3229 1176 3308; baseline -0.001 -16"><span class='ocrx_word' id='word_1_238' title='bbox 11 3229 23 3250; x_wconf 67' lang='grc'><em>“</em></span> <span class='ocrx_word' id='word_1_239' title='bbox 101 3254 154 3292; x_wconf 85' lang='lat' dir='ltr'>cor</span> <span class='ocrx_word' id='word_1_240' title='bbox 175 3235 323 3308; x_wconf 73' lang='lat' dir='ltr'>culpatam</span> <span class='ocrx_word' id='word_1_241' title='bbox 345 3234 495 3290; x_wconf 77' lang='lat' dir='ltr'>lectionem</span> <span class='ocrx_word' id='word_1_242' title='bbox 517 3235 580 3288; x_wconf 84' lang='lat' dir='ltr'>imo.</span> <span class='ocrx_word' id='word_1_243' title='bbox 617 3231 658 3288; x_wconf 87' lang='lat' dir='ltr'>At</span> <span class='ocrx_word' id='word_1_244' title='bbox 674 3249 731 3307; x_wconf 88' lang='lat' dir='ltr'>ego</span> <span class='ocrx_word' id='word_1_245' title='bbox 753 3233 840 3290; x_wconf 91' lang='lat' dir='ltr'>unice</span> <span class='ocrx_word' id='word_1_246' title='bbox 855 3249 957 3290; x_wconf 88' lang='lat' dir='ltr'>veram</span> <span class='ocrx_word' id='word_1_247' title='bbox 979 3249 1084 3292; x_wconf 83' lang='lat' dir='ltr'>vocem</span> <span class='ocrx_word' id='word_1_248' title='bbox 1100 3231 1176 3291; x_wconf 84' lang='lat' dir='ltr'>duco</span> 
     </span>
    </p>
   </div>
   <div class='ocr_carea' id='block_1_5' title="bbox 102 3317 1177 3477">
    <p class='ocr_par' dir='ltr' id='par_1_6' title="bbox 102 3317 1177 3477">
     <span class='ocr_line' id='line_1_31' title="bbox 102 3317 1176 3396; baseline -0.002 -20"><span class='ocrx_word' id='word_1_249' title='bbox 102 3337 184 3396; x_wconf 79' lang='lat' dir='ltr'>quae</span> <span class='ocrx_word' id='word_1_250' title='bbox 207 3319 318 3394; x_wconf 82' lang='lat' dir='ltr'>legitur</span> <span class='ocrx_word' id='word_1_251' title='bbox 339 3318 369 3374; x_wconf 92' lang='lat' dir='ltr'>in</span> <span class='ocrx_word' id='word_1_252' title='bbox 391 3317 458 3393; x_wconf 84' lang='lat' dir='ltr'>Ber.</span> <span class='ocrx_word' id='word_1_253' title='bbox 488 3317 619 3391; x_wconf 84' lang='lat' dir='ltr'>hymno</span> <span class='ocrx_word' id='word_1_254' title='bbox 643 3319 809 3392; x_wconf 80' lang='lat' dir='ltr'>supplex.</span> <span class='ocrx_word' id='word_1_255' title='bbox 840 3318 873 3373; x_wconf 94' lang='lat' dir='ltr'>B.</span> <span class='ocrx_word' id='word_1_256' title='bbox 903 3322 978 3374; x_wconf 89' lang='lat' dir='ltr'>stat</span> <span class='ocrx_word' id='word_1_257' title='bbox 1007 3317 1050 3373; x_wconf 92' lang='lat' dir='ltr'>ad</span> <span class='ocrx_word' id='word_1_258' title='bbox 1072 3334 1176 3374; x_wconf 79' lang='lat' dir='ltr'>aram.</span> 
     </span>
     <span class='ocr_line' id='line_1_32' title="bbox 105 3400 1177 3477; baseline -0.006 -13"><span class='ocrx_word' id='word_1_259' title='bbox 105 3407 153 3464; x_wconf 87' lang='grc'>13.</span> <span class='ocrx_word' id='word_1_260' title='bbox 176 3405 286 3460; x_wconf 84' lang='lat' dir='ltr'>Pontis.</span> <span class='ocrx_word' id='word_1_261' title='bbox 316 3403 470 3460; x_wconf 81' lang='lat' dir='ltr'>Brixiense</span> <span class='ocrx_word' id='word_1_262' title='bbox 500 3419 579 3460; x_wconf 79' lang='lat' dir='ltr'>saec</span> <span class='ocrx_word' id='word_1_263' title='bbox 608 3403 686 3460; x_wconf 88' lang='lat' dir='ltr'>XIII.</span> <span class='ocrx_word' id='word_1_264' title='bbox 718 3420 741 3458; x_wconf 83' lang='lat' dir='ltr'>e.</span> <span class='ocrx_word' id='word_1_265' title='bbox 772 3403 847 3459; x_wconf 91' lang='lat' dir='ltr'>XIV.</span> <span class='ocrx_word' id='word_1_266' title='bbox 878 3400 1082 3477; x_wconf 83' lang='lat' dir='ltr'>persolvat</span> <span class='ocrx_word' id='word_1_267' title='bbox 1130 3402 1177 3460; x_wconf 77' lang='lat'>15.</span> 
     </span>
    </p>
   </div>
   <div class='ocr_carea' id='block_1_6' title="bbox 101 3487 1278 3563">
    <p class='ocr_par' dir='ltr' id='par_1_7' title="bbox 101 3487 1278 3563">
     <span class='ocr_line' id='line_1_33' title="bbox 101 3487 1278 3563; baseline -0.004 -15"><span class='ocrx_word' id='word_1_268' title='bbox 101 3490 214 3552; x_wconf 78' lang='lat' dir='ltr'>Pontii.</span> <span class='ocrx_word' id='word_1_269' title='bbox 241 3488 331 3548; x_wconf 79' lang='lat'><strong>1572.</strong></span> <span class='ocrx_word' id='word_1_270' title='bbox 356 3505 581 3546; x_wconf 87' lang='lat' dir='ltr'>conservare.</span> <span class='ocrx_word' id='word_1_271' title='bbox 604 3489 671 3546; x_wconf 89' lang='lat' dir='ltr'>Ber.</span> <span class='ocrx_word' id='word_1_272' title='bbox 694 3489 727 3544; x_wconf 88' lang='grc' dir='ltr'>Τ.</span> <span class='ocrx_word' id='word_1_273' title='bbox 752 3488 912 3563; x_wconf 80' lang='lat' dir='ltr'>dignare.</span> <span class='ocrx_word' id='word_1_274' title='bbox 960 3487 1006 3545; x_wconf 88' lang='grc'><strong>17.</strong></span> <span class='ocrx_word' id='word_1_275' title='bbox 1028 3487 1061 3544; x_wconf 88' lang='grc' dir='ltr'><strong>Τ.</strong></span> <span class='ocrx_word' id='word_1_276' title='bbox 1084 3487 1118 3544; x_wconf 89' lang='grc' dir='ltr'>Β.</span> <span class='ocrx_word' id='word_1_277' title='bbox 1142 3488 1176 3544; x_wconf 88' lang='lat' dir='ltr'>V.</span> <span class='ocrx_word' id='word_1_278' title='bbox 1275 3525 1278 3534; x_wconf 76' lang='lat'>.</span> 
     </span>
    </p>
   </div>
   <div class='ocr_carea' id='block_1_7' title="bbox 101 3573 1207 3992">
    <p class='ocr_par' dir='ltr' id='par_1_8' title="bbox 101 3573 1207 3992">
     <span class='ocr_line' id='line_1_34' title="bbox 101 3573 1178 3650; baseline -0.001 -18"><span class='ocrx_word' id='word_1_279' title='bbox 101 3576 171 3634; x_wconf 89' lang='lat' dir='ltr'>Ber.</span> <span class='ocrx_word' id='word_1_280' title='bbox 199 3575 269 3632; x_wconf 89' lang='grc'><strong>1100</strong></span> <span class='ocrx_word' id='word_1_281' title='bbox 298 3575 431 3632; x_wconf 83' lang='lat' dir='ltr'>olivum</span> <span class='ocrx_word' id='word_1_282' title='bbox 461 3576 599 3650; x_wconf 84' lang='lat' dir='ltr'>signum</span> <span class='ocrx_word' id='word_1_283' title='bbox 628 3575 756 3632; x_wconf 80' lang='lat' dir='ltr'>vivum.</span> <span class='ocrx_word' id='word_1_284' title='bbox 800 3573 907 3630; x_wconf 78' lang='lat' dir='ltr'>Pontis.</span> <span class='ocrx_word' id='word_1_285' title='bbox 938 3573 1017 3630; x_wconf 87' lang='lat' dir='ltr'>Brix.</span> <span class='ocrx_word' id='word_1_286' title='bbox 1044 3577 1178 3631; x_wconf 74' lang='lat' dir='ltr'>nostram</span> 
     </span>
     <span class='ocr_line' id='line_1_35' title="bbox 101 3647 1177 3734; baseline 0 -16"><span class='ocrx_word' id='word_1_287' title='bbox 101 3667 207 3724; x_wconf 87' lang='lat' dir='ltr'>tuetur</span> <span class='ocrx_word' id='word_1_288' title='bbox 230 3661 418 3734; x_wconf 86' lang='lat' dir='ltr'>scripturam.</span> <span class='ocrx_word' id='word_1_289' title='bbox 468 3659 542 3716; x_wconf 93' lang='lat' dir='ltr'>Bon.</span> <span class='ocrx_word' id='word_1_290' title='bbox 572 3659 679 3716; x_wconf 85' lang='lat' dir='ltr'>Pontis.</span> <span class='ocrx_word' id='word_1_291' title='bbox 709 3659 808 3716; x_wconf 86' lang='lat' dir='ltr'>Innoc.</span> <span class='ocrx_word' id='word_1_292' title='bbox 839 3659 915 3716; x_wconf 93' lang='lat' dir='ltr'>VIII.</span> <span class='ocrx_word' id='word_1_293' title='bbox 945 3659 1013 3716; x_wconf 87' lang='lat' dir='ltr'>hoc</span> <span class='ocrx_word' id='word_1_294' title='bbox 1036 3647 1177 3732; x_wconf 75' lang='lat' dir='ltr'>siguum</span> 
     </span>
     <span class='ocr_line' id='line_1_36' title="bbox 103 3744 1207 3814; baseline 0.001 -10"><span class='ocrx_word' id='word_1_295' title='bbox 103 3747 230 3804; x_wconf 83' lang='lat' dir='ltr'>olivae</span> <span class='ocrx_word' id='word_1_296' title='bbox 252 3747 377 3804; x_wconf 85' lang='lat' dir='ltr'>vivum.</span> <span class='ocrx_word' id='word_1_297' title='bbox 425 3746 472 3804; x_wconf 87' lang='lat'>18.</span> <span class='ocrx_word' id='word_1_298' title='bbox 494 3745 600 3802; x_wconf 80' lang='lat' dir='ltr'>Pontii.</span> <span class='ocrx_word' id='word_1_299' title='bbox 622 3745 723 3802; x_wconf 89' lang='lat' dir='ltr'>Innoc.</span> <span class='ocrx_word' id='word_1_300' title='bbox 746 3744 824 3802; x_wconf 88' lang='lat' dir='ltr'>VIII.</span> <span class='ocrx_word' id='word_1_301' title='bbox 846 3749 974 3814; x_wconf 85' lang='lat' dir='ltr'>contra</span> <span class='ocrx_word' id='word_1_302' title='bbox 996 3745 1082 3801; x_wconf 87' lang='lat' dir='ltr'>iura.</span> <span class='ocrx_word' id='word_1_303' title='bbox 1127 3744 1178 3805; x_wconf 80' lang='lat'>22.</span> <span class='ocrx_word' id='word_1_304' title='bbox 1202 3773 1207 3790; x_wconf 81' lang='lat'><em>·</em></span> 
     </span>
     <span class='ocr_line' id='line_1_37' title="bbox 102 3827 1176 3898; baseline -0.002 -10"><span class='ocrx_word' id='word_1_305' title='bbox 102 3831 138 3888; x_wconf 82' lang='lat' dir='ltr'>T.</span> <span class='ocrx_word' id='word_1_306' title='bbox 163 3837 318 3889; x_wconf 85' lang='lat' dir='ltr'>sanetur</span> <span class='ocrx_word' id='word_1_307' title='bbox 334 3831 507 3889; x_wconf 83' lang='lat' dir='ltr'>sauciata.</span> <span class='ocrx_word' id='word_1_308' title='bbox 530 3829 609 3887; x_wconf 84' lang='lat' dir='ltr'>Brix.</span> <span class='ocrx_word' id='word_1_309' title='bbox 626 3830 799 3888; x_wconf 88' lang='lat' dir='ltr'>medetur.</span> <span class='ocrx_word' id='word_1_310' title='bbox 823 3827 933 3898; x_wconf 77' lang='lat' dir='ltr'>V.Ber.</span> <span class='ocrx_word' id='word_1_311' title='bbox 951 3835 989 3886; x_wconf 86' lang='lat' dir='ltr'>et</span> <span class='ocrx_word' id='word_1_312' title='bbox 1004 3829 1176 3886; x_wconf 89' lang='lat' dir='ltr'>medetur.</span> 
     </span>
     <span class='ocr_line' id='line_1_38' title="bbox 102 3914 1176 3992; baseline -0.006 -14"><span class='ocrx_word' id='word_1_313' title='bbox 102 3917 320 3978; x_wconf 79' lang='lat' dir='ltr'>25.InThes.</span> <span class='ocrx_word' id='word_1_314' title='bbox 343 3934 398 3992; x_wconf 88' lang='lat' dir='ltr'>per</span> <span class='ocrx_word' id='word_1_315' title='bbox 421 3934 552 3974; x_wconf 85' lang='lat' dir='ltr'>errorem</span> <span class='ocrx_word' id='word_1_316' title='bbox 575 3921 655 3974; x_wconf 86' lang='lat' dir='ltr'>tota</span> <span class='ocrx_word' id='word_1_317' title='bbox 675 3935 731 3990; x_wconf 90' lang='lat' dir='ltr'>pro</span> <span class='ocrx_word' id='word_1_318' title='bbox 753 3918 842 3972; x_wconf 91' lang='lat' dir='ltr'>lota.</span> <span class='ocrx_word' id='word_1_319' title='bbox 888 3917 927 3976; x_wconf 67' lang='lat'>3?</span> <span class='ocrx_word' id='word_1_320' title='bbox 975 3914 1176 3974; x_wconf 62' lang='lat' dir='ltr'>Isithaec</span> 
     </span>
    </p>
   </div>
   <div class='ocr_carea' id='block_1_8' title="bbox 103 4001 1306 4104">
    <p class='ocr_par' dir='ltr' id='par_1_9' title="bbox 103 4001 1306 4104">
     <span class='ocr_line' id='line_1_39' title="bbox 103 4001 1306 4104; baseline -0.002 -44"><span class='ocrx_word' id='word_1_321' title='bbox 103 4002 193 4061; x_wconf 89' lang='lat' dir='ltr'>dies.</span> <span class='ocrx_word' id='word_1_322' title='bbox 217 4002 330 4062; x_wconf 84' lang='grc' dir='ltr'><strong>Βο1..Τ</strong></span> <span class='ocrx_word' id='word_1_323' title='bbox 346 4003 420 4058; x_wconf 84' lang='lat' dir='ltr'>fest</span> <span class='ocrx_word' id='word_1_324' title='bbox 426 4001 571 4060; x_wconf 86' lang='lat' dir='ltr'>anobis.</span> <span class='ocrx_word' id='word_1_325' title='bbox 595 4001 730 4062; x_wconf 81' lang='grc'><strong>25-28</strong></span> <span class='ocrx_word' id='word_1_326' title='bbox 742 4001 872 4104; x_wconf 85' lang='lat' dir='ltr'>desunt</span> <span class='ocrx_word' id='word_1_327' title='bbox 839 4006 969 4061; x_wconf 87' lang='grc' dir='ltr'><strong>1.111οο1</strong></span> <span class='ocrx_word' id='word_1_328' title='bbox 985 4001 1174 4068; x_wconf 89' lang='lat' dir='ltr'>Bononiensi.</span> <span class='ocrx_word' id='word_1_329' title='bbox 1255 4044 1259 4048; x_wconf 87' lang='lat'>.</span> <span class='ocrx_word' id='word_1_330' title='bbox 1301 4007 1306 4010; x_wconf 75' lang='grc'>’</span> 
     </span>
    </p>
   </div>
   <div class='ocr_carea' id='block_1_9' title="bbox 102 4112 306 4122">
    <p class='ocr_par' dir='ltr' id='par_1_10' title="bbox 102 4112 306 4122">
     <span class='ocr_line' id='line_1_40' title="bbox 102 4112 306 4122; baseline -0.01 -1"><span class='ocrx_word' id='word_1_331' title='bbox 102 4112 306 4122; x_wconf 73' lang='grc'>.--.----</span> 
     </span>
    </p>
   </div>
   <div class='ocr_carea' id='block_1_10' title="bbox 103 4113 1176 4300">
    <p class='ocr_par' dir='ltr' id='par_1_11' title="bbox 103 4113 1176 4300">
     <span class='ocr_line' id='line_1_41' title="bbox 171 4113 1176 4243; baseline -0.005 -26.934"><span class='ocrx_word' id='word_1_332' title='bbox 171 4159 278 4230; x_wconf 80' lang='lat' dir='ltr'>*)Non</span> <span class='ocrx_word' id='word_1_333' title='bbox 296 4178 400 4220; x_wconf 86' lang='lat' dir='ltr'>omnes.</span> <span class='ocrx_word' id='word_1_334' title='bbox 419 4161 520 4216; x_wconf 83' lang='lat' dir='ltr'>Pontii.</span> <span class='ocrx_word' id='word_1_335' title='bbox 538 4113 666 4230; x_wconf 84' lang='lat' dir='ltr'>Mogunt</span> <span class='ocrx_word' id='word_1_336' title='bbox 686 4178 723 4215; x_wconf 87' lang='lat' dir='ltr'>sc.</span> <span class='ocrx_word' id='word_1_337' title='bbox 742 4161 818 4215; x_wconf 88' lang='lat' dir='ltr'>XIII.</span> <span class='ocrx_word' id='word_1_338' title='bbox 836 4162 910 4243; x_wconf 83' lang='lat' dir='ltr'>apud</span> <span class='ocrx_word' id='word_1_339' title='bbox 928 4161 1011 4214; x_wconf 87' lang='lat' dir='ltr'>Mart.</span> <span class='ocrx_word' id='word_1_340' title='bbox 1030 4159 1087 4214; x_wconf 89' lang='grc'><strong>337.</strong></span> <span class='ocrx_word' id='word_1_341' title='bbox 1106 4157 1176 4214; x_wconf 88' lang='lat' dir='ltr'>Ver-</span> 
     </span>
     <span class='ocr_line' id='line_1_42' title="bbox 103 4229 1176 4300; baseline -0.005 -18"><span class='ocrx_word' id='word_1_342' title='bbox 103 4243 153 4283; x_wconf 83' lang='lat' dir='ltr'>sus</span> <span class='ocrx_word' id='word_1_343' title='bbox 170 4245 336 4300; x_wconf 89' lang='lat' dir='ltr'>puerorum:</span> <span class='ocrx_word' id='word_1_344' title='bbox 355 4231 430 4283; x_wconf 87' lang='lat' dir='ltr'>Audi</span> <span class='ocrx_word' id='word_1_345' title='bbox 448 4231 532 4284; x_wconf 87' lang='lat' dir='ltr'>iudex</span> <span class='ocrx_word' id='word_1_346' title='bbox 550 4234 724 4283; x_wconf 87' lang='lat' dir='ltr'>mortuorum</span> <span class='ocrx_word' id='word_1_347' title='bbox 742 4247 804 4286; x_wconf 90' lang='lat' dir='ltr'>cum</span> <span class='ocrx_word' id='word_1_348' title='bbox 819 4231 930 4284; x_wconf 85' lang='lat' dir='ltr'>ceteris</span> <span class='ocrx_word' id='word_1_349' title='bbox 962 4229 1096 4296; x_wconf 85' lang='lat' dir='ltr'>Sequitur</span> <span class='ocrx_word' id='word_1_350' title='bbox 1115 4241 1176 4279; x_wconf 86' lang='lat' dir='ltr'>ver·</span> 
     </span>
    </p>
   </div>
   <div class='ocr_carea' id='block_1_11' title="bbox 103 4297 1271 4367">
    <p class='ocr_par' dir='ltr' id='par_1_12' title="bbox 103 4297 1271 4367">
     <span class='ocr_line' id='line_1_43' title="bbox 103 4297 1271 4367; baseline -0.001 -17"><span class='ocrx_word' id='word_1_351' title='bbox 103 4313 162 4362; x_wconf 82' lang='lat' dir='ltr'>sna,</span> <span class='ocrx_word' id='word_1_352' title='bbox 181 4315 265 4367; x_wconf 90' lang='lat' dir='ltr'>quem</span> <span class='ocrx_word' id='word_1_353' title='bbox 284 4299 377 4354; x_wconf 87' lang='lat' dir='ltr'>clerus</span> <span class='ocrx_word' id='word_1_354' title='bbox 393 4305 460 4366; x_wconf 91' lang='lat' dir='ltr'>post</span> <span class='ocrx_word' id='word_1_355' title='bbox 473 4300 626 4366; x_wconf 86' lang='lat' dir='ltr'>quemlibet</span> <span class='ocrx_word' id='word_1_356' title='bbox 640 4313 753 4351; x_wconf 87' lang='lat' dir='ltr'>versum</span> <span class='ocrx_word' id='word_1_357' title='bbox 765 4303 846 4367; x_wconf 89' lang='lat' dir='ltr'>repe</span> <span class='ocrx_word' id='word_1_358' title='bbox 834 4299 883 4352; x_wconf 86' lang='lat' dir='ltr'>tit:</span> <span class='ocrx_word' id='word_1_359' title='bbox 903 4297 1005 4353; x_wconf 90' lang='lat' dir='ltr'>Ored.</span> <span class='ocrx_word' id='word_1_360' title='bbox 1025 4310 1102 4349; x_wconf 89' lang='lat' dir='ltr'>sume</span> <span class='ocrx_word' id='word_1_361' title='bbox 1115 4309 1176 4349; x_wconf 87' lang='lat' dir='ltr'>car</span> <span class='ocrx_word' id='word_1_362' title='bbox 1267 4317 1271 4322; x_wconf 72' lang='lat'>,</span> 
     </span>
    </p>
   </div>
   <div class='ocr_carea' id='block_1_12' title="bbox 102 4367 596 4424">
    <p class='ocr_par' dir='ltr' id='par_1_13' title="bbox 102 4367 596 4424">
     <span class='ocr_line' id='line_1_44' title="bbox 102 4367 596 4424; baseline 0.006 -4"><span class='ocrx_word' id='word_1_363' title='bbox 102 4381 169 4422; x_wconf 83' lang='lat' dir='ltr'>rnen</span> <span class='ocrx_word' id='word_1_364' title='bbox 185 4367 596 4424; x_wconf 48' lang='grc' dir='ltr'>101110101101111111111.Ἰ</span> 
     </span>
    </p>
   </div>
   <div class='ocr_carea' id='block_1_13' title="bbox 540 4473 742 4487">
    <p class='ocr_par' dir='ltr' id='par_1_14' title="bbox 540 4473 742 4487">
     <span class='ocr_line' id='line_1_45' title="bbox 540 4473 742 4487; baseline 0.005 -6"><span class='ocrx_word' id='word_1_365' title='bbox 540 4473 742 4487; x_wconf 54' lang='lat' dir='ltr'>...m-..2</span> 
     </span>
    </p>
   </div>
   <div class='ocr_carea' id='block_1_14' title="bbox 0 0 1390 5024">
    <p class='ocr_par' dir='ltr' id='par_1_15' title="bbox 0 0 1390 5024">
     <span class='ocr_line' id='line_1_46' title="bbox 0 0 1390 5024; baseline 0 2"><span class='ocrx_word' id='word_1_366' title='bbox 0 0 1390 5024; x_wconf 95' lang='lat' dir='ltr'> </span> 
     </span>
    </p>
   </div>
  </div>
 </body>
</html>
