2904 5028
745 405 886 506 4„

314 617 398 687 Quae
413 617 581 690 prolongat
574 634 602 672 10
620 614 754 690 syllabae
769 615 796 670 A
811 613 879 671 ideo
894 613 995 682 fiebat,
1017 619 1051 670 ιιι
1066 618 1185 687 tempus
1200 609 1240 667 ad
1262 627 1295 668 se

223 701 519 781 praeparandumet
488 700 579 758 etad
595 699 816 772 ascendendum
836 699 991 756 ambonem
1011 700 1143 757 Diacono
1167 695 1296 753 daretur.
1384 689 1391 702 '

225 789 295 857 Sed,
320 785 483 844 secundum
505 787 586 860 pium
610 787 673 842 eius
697 785 838 842 saeculi'
831 785 996 859 ingenium,
1028 800 1105 858 quae
1133 781 1170 838 de
1192 797 1296 862 neces·
1307 823 1311 828 .

225 877 264 932 sit
252 878 313 930 tate
336 874 418 928 facta
441 875 533 938 erant,
553 869 596 928 ad
618 889 683 945 mys
685 872 775 926 ticam
796 869 946 944 quandam
970 875 1000 926 et
1029 856 1225 943 anagogicam
1252 851 1297 933 (ιιι

224 954 453 1038 loquebantur)
456 945 602 1012 rationem
616 953 787 1012 referebant
775 960 831 1011 tun
870 947 1047 1028 „Sqlemus“
1051 951 1221 1028 ,inquitS
1237 950 1297 1008 Bo
1313 1017 1317 1021 ,

224 1047 406 1110 narentura,
438 1041 578 1115 „longam
607 1059 645 1098 no
647 1045 708 1096 tam
737 1044 807 1113 post
836 1039 996 1099 Alleluia
1019 1055 1110 1112 super
1128 1039 1247 1097 literam
1269 1035 1297 1092 Α

225 1127 334 1184 decant
322 1133 396 1194 t,are
421 1127 491 1200 quia
507 1123 648 1200 gaudium
664 1125 840 1181 Sanctorum
862 1127 892 1181 in
914 1125 1006 1181 coelis
1029 1121 1243 1180 interminabile
1267 1125 1298 1176 et
1353 1181 1358 1188 ,

223 1211 372 1270 ineffabile
396 1203 472 1266 est‘
518 1208 605 1278 Quod
627 1227 698 1268 vero
724 1227 796 1266 sono
821 1215 953 1278 tantum,
976 1227 1035 1286 non
1058 1209 1148 1265 certis
1172 1205 1296 1280 syllabis

223 1298 282 1353 hae
303 1294 393 1352 notae
417 1295 624 1368 alligabantur,
647 1313 685 1351 ne
707 1295 765 1351 hoc
788 1293 924 1370 quidem,
956 1296 982 1350 si
1004 1293 1124 1368 Hugoui
1147 1289 1298 1349 cardinali

225 1379 382 1448 credimus,
406 1380 623 1454 significatione
640 1384 735 1437 caret:
761 1381 852 1456 „quia
873 1381 994 1454 ignotus
1011 1378 1097 1435 nobis
1121 1382 1168 1434 est
1190 1374 1297 1433 modus

223 1463 364 1522 laudandi
385 1463 481 1520 Deum
502 1466 532 1520 in
554 1459 685 1521 Patria.“
1048 1499 1051 1504 -

308 1550 347 1605 Et
368 1549 444 1605 haec
467 1551 587 1622 proprie
610 1555 657 1606 est
680 1551 855 1625 Sequentia:
886 1565 995 1605 neuma
1022 1550 1085 1608 sive
1106 1546 1297 1621 prolongatio

223 1636 346 1691 ultimae
370 1633 503 1706 syllabae
526 1626 579 1689 τοῦ
602 1634 740 1690 Alleluia.
784 1633 917 1709 Ideoque
947 1633 1027 1690 dicta
1052 1637 1101 1698 est
1123 1631 1297 1708 Sequentia,

225 1718 389 1776 seeundum
411 1719 598 1790 probatiores
622 1724 770 1786 auctores,
794 1721 864 1794 quia
885 1719 1122 1774 modulationem.
1140 1721 1170 1773 et
1191 1715 1299 1790 rhyth-

224 1820 304 1859 mum
317 1797 372 1859 τοῦ
388 1803 517 1858 Alleluia
539 1803 721 1876 sequebatur
741 1805 827 1878 eique
844 1803 1079 1886 obtemperabat.
1104 1801 1163 1857 Alii
1185 1806 1295 1868 tamen,

223 1890 266 1944 int
254 1893 300 1944 ter
323 1905 409 1962 quos
422 1893 469 1943 est
457 1887 622 1944 tMichael
643 1887 734 1945 Praet
736 1890 832 1957 orius,
862 1889 940 1946 hanc
962 1905 1083 1944 causam
1105 1887 1232 1942 nominis
1256 1885 1298 1941 ei·

146 2047 149 2052 ,
222 1972 384 2048 fingebant,
409 1971 490 2046 quod
506 1973 620 2029 scilicet
641 1973 809 2030 immediate
832 1979 903 2047 post
917 1989 1025 2030 neuma
1046 1971 1207 2047 incipiebat
1228 1971 1297 2027 Dia·

223 2075 330 2114 conus:
356 2057 550 2130 „tSequen
543 2073 577 2113 ra
600 2059 702 2115 Sancti
679 2059 877 2158 tEyangelii
900 2057 1063 2116 secundum
1084 2050 1142 2112 N.“

309 2141 338 2198 S
362 2142 407 2196 No
410 2141 512 2198 tkerus
527 2141 680 2211 Balhnlus,
705 2145 756 2218 qui
778 2161 855 2200 anno
879 2144 941 2202 912
964 2143 1046 2210 obiit,
1066 2123 1296 2216 sequentiarum

222 2231 301 2302 'quas
323 2228 365 2282 ita
386 2243 465 2282 nunc
487 2228 671 2284 nominamus
702 2229 894 2302 aplerisque
925 2234 955 2284 et
985 2225 1168 2284 doctioribus
1190 2231 1298 2282 auctor

223 2313 317 2368 fuisse
340 2309 435 2368 credit
423 2316 479 2367 ιιιι.
515 2313 594 2368 Neo
625 2311 725 2369 obstat
713 2311 848 2387 siquod
877 2329 894 2369 e
922 2311 1173 2386 praecedentibus
1199 2308 1296 2384 patet)

224 2401 364 2453 auctores
388 2398 439 2469 qui
462 2401 513 2452 ant
515 2413 531 2452 e
547 2397 711 2454 Notkerum
725 2399 862 2454 vixerunt
877 2397 914 2454 de
935 2397 1104 2472 Sequentiis
1127 2396 1295 2469 scripsisse,

224 2499 291 2538 cum
313 2489 452 2537 neumata
475 2471 571 2536 solufn
594 2483 803 2556 significarent.
845 2483 972 2538 Ioannes
996 2481 1116 2556 quidem
1138 2479 1296 2554 Adelphus

224 2571 352 2640 sequent
353 2567 396 2622 ias
419 2571 539 2622 nostras
561 2580 585 2621 a
600 2567 724 2624 Nicolao
747 2567 831 2640 Papa
852 2567 874 2623 I
899 2567 1083 2641 approbatas
1105 2567 1198 2624 fuisse
1222 2566 1296 2622 scri-

195 2651 275 2708 'bit
321 2650 398 2718 Sed,
430 2650 601 2748 diligentius
631 2669 664 2708 re
692 2653 845 2738 inspecta,
876 2651 992 2726 patebit
1012 2651 1223 2718 Nicolaumln
1246 2649 1296 2719 uel

224 2737 378 2809 scriptoris
409 2737 522 2791 incuria
548 2737 597 2793 vel
626 2741 714 2810 typot
702 2737 767 2794 tthe
755 2742 851 2794 tarum
883 2753 999 2804 errore,
1029 2753 1084 2810 pro
1106 2736 1142 2792 Π.
1165 2736 1296 2809 positum

222 2822 332 2876 fuisse
372 2819 456 2876 Sedit
483 2826 535 2876 aut
533 2838 583 2878 em
605 2821 747 2878 Nicolaus
776 2821 816 2877 11:
843 2821 880 2878 ab
910 2839 987 2878 anno
1020 2821 1100 2880 1058
1129 2835 1227 2895 usque
1257 2818 1296 2875 ad

227 2905 317 2963 1064.
340 2905 489 2960 Notkerus
506 2907 583 2962 enim
594 2907 666 2980 ipse
682 2908 712 2962 in
727 2907 912 2979 praefatione
929 2911 1056 2980 sequent
1057 2907 1152 2962 iarum
1174 2921 1296 2962 suarum

223 2989 263 3046 ad
284 2989 354 3047 Luit
355 2989 488 3045 wardum
502 2989 611 3046 hunc'
604 3009 634 3047 ιιι
656 2991 776 3047 modum
792 2991 908 3048 scribit:
927 2990 1046 3062 „Quum
1060 2990 1180 3047 adhuc
1173 3007 1294 3049 iuvenu-

222 3075 271 3130 lus
302 3079 471 3141 sesemet
501 3074 647 3132 melodiae
676 3077 869 3150 longissimae
893 3077 1013 3149 saepius
1035 3077 1196 3132 memoriae
1216 3091 1296 3130 com·

223 3157 403 3215 mendatae
396 3164 456 3216 rnst
444 3147 547 3216 tabile
558 3159 710 3216 corculum
726 3161 913 3260 aufugerent,
938 3162 1024 3235 coepi
1046 3163 1156 3218 tacitus
1179 3175 1295 3216 mecum

222 3243 352 3311 voluere,
377 3261 506 3319 quonam
527 3243 616 3300 modo
640 3263 691 3302 eas
714 3247 862 3318 potuerim
885 3245 1034 3320 colligere.
1079 3245 1201 3302 Interim
1222 3243 1293 3302 vero

221 3330 400 3403 contigitu
403 3328 563 3428 tpresbyt
564 3347 597 3386 er
619 3329 765 3405 quidam
763 3329 801 3386 de
824 3329 959 3386 Gimedia
981 3347 1076 3404 nuper
1098 3327 1294 3387 aNordman·

221 3411 268 3470 nis
290 3418 410 3471 vastata
431 3416 547 3470 veniret
535 3413 608 3470 tad
630 3433 694 3482 noa,
718 3413 957 3488 antiphonarium
986 3433 1072 3471 suum
1094 3402 1241 3481 deserens,
1264 3415 1295 3468 in

119 3555 120 3563 ,
216 3509 289 3596 ἰιιιο
305 3499 396 3574 aliqui
410 3515 516 3555 versus
539 3497 580 3555 ad
594 3500 766 3574 sequentias
790 3499 1294 3567 erantmodulati,sed1amtunc

221 3585 343 3638 nimium
365 3584 468 3640 uitiati.
513 3583 645 3652 Quorum
668 3587 702 3639 ut
732 3585 798 3642 risu
822 3583 1005 3652 delectatus,
1035 3585 1173 3644 itanum
1201 3587 1294 3658 gaieta

222 3670 412 3724 amaricatus.
464 3667 512 3723 Ad
546 3670 742 3724 imitationem
771 3673 871 3725 tamen
901 3685 1003 3725 eorum
1033 3670 1118 3744 coepi
1149 3667 1291 3725 scribere:

220 3751 369 3808 Laudes
399 3753 472 3810 Deo
503 3754 675 3810 concinat
709 3753 809 3810 orbis
847 3755 1056 3821 universus,
1087 3754 1148 3830 qui
1177 3753 1292 3828 gratis

222 3841 281 3892 est
314 3835 536 3918 ¹redemptus.
579 3837 618 3896 Et
643 3837 734 3894 inira:
774 3837 929 3896 Coluber
964 3837 1066 3895 Adae
1103 3837 1290 3912 deceptor.

221 3919 303 3988 Quos
327 3937 392 3976 cum
420 3923 564 3996 magistro
593 3937 659 3980 meo
688 3922 992 3994 Ysoniobtulissem‚
1023 3924 1074 3980 ille
1104 3921 1203 3980 studio
1226 3939 1291 3978 meo

213 4006 411 4086 'congratulat
413 4024 447 4061 us
470 4008 697 4082 imperitiaeque
720 4024 905 4080 compassus,
929 4024 1007 4106 quae
1029 4009 1209 4082 placuerunt
1229 4007 1292 4063 lau·

221 4087 310 4156 davit,
290 4094 412 4164 tquae
435 4095 487 4146 aut
489 4108 535 4147 ern
558 4093 662 4158 minus,
687 4091 845 4148 emendare
862 4094 985 4160 curavit,
964 4091 1126 4149 idicens:
1151 4091 1292 4168 Singulae

219 4177 318 4229 motus
341 4180 411 4230 cant
399 4175 508 4230 tilenae
532 4177 665 4256 singulas
687 4175 819 4250 syllabas
843 4175 953 4234 debent
966 4175 1087 4234 habere
1125 4173 1213 4246 Quod
1236 4193 1292 4250 ego

220 4253 353 4326 audiens,
378 4275 414 4314 ea
437 4257 566 4358 quidem,
592 4277 669 4334 quae
691 4262 721 4317 in
744 4261 779 4317 ia
801 4261 976 4329 veniebant,
999 4261 1039 4318 ad
1060 4260 1206 4336 liquidum
1229 4277 1292 4316 cor·

218 4343 295 4400 rexi·
321 4359 398 4419 quae
421 4348 473 4407 aut
474 4361 521 4400 ern
542 4347 572 4411 ιιι
594 4346 630 4402 le
652 4345 701 4404 vel
722 4345 760 4402 ιιι
783 4347 869 4420 quasi
891 4346 1087 4421 impossibilia
1107 4346 1157 4430 vel
1187 4350 1292 4402 attem-
