2732 5026
565 618 712 690 Clarum
734 623 842 689 decue
864 620 995 718 ieiunii.

505 724 589 776 Thes.
608 723 629 775 Ι.
648 735 675 790 p]
695 724 751 776 118.
787 720 1055 790 Quadrogemmilis.

328 837 447 910 Monius
469 855 528 893 non
551 837 649 894 nullos
673 853 751 892 saec.
776 836 837 892 XV.
867 833 959 891 libros
982 834 1111 909 inspexit
1139 830 1194 898 (M).
1234 831 1285 888 Ste

244 921 620 1002 phenson(S).-3.S.
652 922 767 978 altor.
810 922 839 978 1.
862 920 904 976 Μ.
927 919 1020 978 hinc.
1066 919 1094 978 9.
1121 918 1159 975 Μ.
1180 923 1286 991 nycte

244 1011 346 1066 rium.
393 1009 439 1068 12.
465 1009 494 1064 S.
517 1008 667 1065 Christi.
1208 1076 1211 1084 Ι

329 1093 419 1152 Mene
441 1093 463 1148 I.
482 1093 522 1150 93
538 1111 595 1168 sq.:
619 1093 744 1164 Moyses,
767 1100 801 1148 ut
822 1093 912 1165 leqem
934 1093 1080 1166 acceperet
1098 1089 1221 1156 secundo,
1234 1087 1288 1144 vdic·

245 1181 297 1236 buc
319 1179 512 1252 quodraqintc
533 1179 681 1245 ieiunavit,
704 1177 787 1236 Elias
809 1179 840 1232 iu
862 1177 977 1233 deserto
999 1176 1188 1249 quadruplum
1208 1174 1289 1230 ciete

245 1265 399 1330 abstinui&
420 1265 483 1338 ipse
504 1271 605 1320 auctor
627 1263 769 1320 hominum
791 1262 830 1318 cd
850 1263 977 1320 homines
1000 1264 1117 1318 centens
1138 1263 1166 1316 in
1187 1258 1289 1332 quodec-

244 1353 326 1424 pinta
354 1349 453 1405 diebus
482 1349 590 1406 nullum
617 1350 729 1404 ommino
755 1349 846 1404 cibum
873 1349 983 1404 sumsit.
1032 1346 1150 1420 (ἔνεμον.
1175 1345 1211 1402 Μ.
1233 1344 1289 1401 hcm

245 1438 276 1492 111
289 1453 397 1514 111119.
421 1434 446 1489 1.
471 1434 520 1490 16.
550 1435 577 1490 5.
616 1426 687 1490 'Aue
716 1434 811 1490 dieser
842 1433 932 1489 Stelle
957 1433 1035 1489 steht
1060 1450 1141 1499 mon,
1169 1431 1230 1487 dass
1254 1427 1290 1484 die

147 1511 155 1527 ‘
244 1521 352 1577 Lescrt
371 1521 448 1576 ultor
469 1537 505 1575 zu
534 1520 563 1576 V.
585 1518 613 1575 3.
643 1521 673 1574 ἰν)
703 1519 755 1575 der
780 1518 833 1574 Hs.
863 1518 1058 1592 Stepdensons
1086 1517 1166 1574 nicht
1188 1521 1237 1590 put
1252 1516 1289 1578 ist,

245 1605 307 1662 und
327 1605 395 1662 daec
412 1605 557 1662 vielleiclct
577 1607 607 1660 in
630 1606 728 1676 obiqcr
744 1603 834 1660 Stelle
856 1605 908 1659 der
923 1601 1047 1660 Hcmtlie
1059 1603 1197 1674 ebenfclls
1210 1605 1292 1656 auctor

245 1693 367 1747 ommium
389 1697 463 1746 stati
482 1690 624 1746 homiuum
647 1690 746 1745 tester
767 1691 830 1746 sein
851 1689 969 1746 mdclcte.
1005 1688 1041 1744 Ιν)
1063 1687 1169 1744 diesem
1182 1685 1291 1758 Hymnus

244 1777 297 1832 leat
317 1777 380 1832 cleo
405 1775 515 1847 (ἔναρον
537 1777 621 1831 einen
638 1775 721 1830 meu
739 1777 837 1831 semer
851 1774 974 1848 Predtpt
988 1773 1163 1840 wiederlcolt‚
1185 1789 1227 1828 um
1246 1768 1292 1824 dic

244 1861 322 1918 celte
344 1861 406 1917 dem
435 1861 522 1918 Volkc
545 1863 748 1934 eicchriipen.

524 2119 664 2192 chorus
686 2142 800 2190 ucoce
822 2121 1038 2190 Jerusalem.

564 2224 648 2276 Thes.
666 2223 687 2278 I.
705 2241 732 2292 p.
749 2225 808 2282 222.
843 2223 995 2278 Pcsehalis.

330 2335 449 2392 Monius
465 2337 597 2410 quinque
614 2334 733 2394 codices
757 2353 836 2392 neec.
853 2333 928 2392 XIV.
951 2329 983 2392 et
1002 2335 1064 2394 XV.
1082 2333 1228 2392 consuluit
1246 2325 1295 2395 (M)-

244 2419 330 2478 Brev.
353 2419 502 2478 Aberdon.
526 2419 603 2488 (Ab).
619 2423 727 2478 —·14.
743 2422 784 2480 M.
808 2423 870 2496 qui
893 2420 1034 2495 diguus.
1079 2418 1206 2481 2111).
1229 2415 1294 2472 etin

244 2505 415 2562 melioribus
437 2506 524 2565 Brev.
549 2506 694 2566 Serisbur.
716 2513 848 2575 metue,
876 2512 911 2564 ut
931 2509 961 2564 in
984 2507 1149 2568 Thesauro.

330 2609 378 2665 Os.
402 2608 435 2664 Ρ.
459 2609 510 2667 Oc.
533 2615 564 2667 et
584 2609 674 2667 hodie
696 2610 839 2684 hymnum
861 2614 972 2666 canunt
992 2611 1022 2666 in
1046 2609 1164 2666 Octava
1183 2602 1296 2662 Pascha·

244 2695 292 2750 tis.
337 2697 365 2754 2.
388 2694 422 2750 P.
446 2713 537 2753 nova
558 2696 671 2754 melos
695 2695 901 2752 dulcedine.
938 2695 988 2757 Oc.
1010 2712 1104 2753 nora
1126 2691 1249 2751 mellis.
1274 2685 1296 2745 9.

245 2778 295 2836 Ca.
325 2779 523 2862 devoravit.
570 2782 617 2840 18.
640 2781 690 2838 Ca.
721 2797 921 2855 precemur.
966 2781 1116 2840 21—24.
1140 2779 1173 2836 P.
1201 2789 1297 2852 quse·
1348 2765 1350 2830 1

245 2882 365 2922 sumus
388 2871 515 2923 auctor
538 2869 694 2924 omnium
716 2868 750 2922 in
771 2866 838 2922 hoe
860 2866 1031 2942 paschali
1054 2864 1190 2942 gaudio
1212 2867 1262 2919 111.
1349 2879 1350 2952 l

487 3092 589 3160 Laus
612 3096 816 3180 ampelorum
838 3095 979 3184 inclyto.
1024 3093 1069 3162 K.

629 3195 673 3249 De
692 3195 720 3249 S.
737 3197 852 3251 Andros
869 3199 920 3266 Ap.
997 3257 999 3268 .

307 3307 388 3364 Laus
411 3309 584 3384 angelorum
606 3310 727 3383 inclyta,
840 3310 953 3366 Dehine
978 3327 1085 3380 caesus
1115 3307 1265 3382 scorpione

308 3410 379 3468 spes
403 3392 588 3451 conditorum
611 3397 712 3466 unica.
844 3396 898 3452 sub
922 3401 1047 3470 septeno
1071 3396 1209 3452 tennione

1347 2353 1349 2388 1

1348 2835 1350 2874 1

1348 3011 1350 3070 1

1346 3171 1350 3328 A:

1347 3335 1350 3414 1

1348 3429 1350 3472 1

306 3480 415 3548 lumen,
438 3480 528 3548 Beue,
553 3479 590 3536 de
611 3480 721 3537 lumine
781 3480 818 3539 15
841 3499 934 3538 nexus
958 3483 1038 3539 cruci
1060 3499 1117 3555 per
1139 3477 1257 3536 biduum
1348 3473 1350 3540 ἶ

307 3570 341 3620 tu
362 3583 417 3621 nos
440 3565 477 3620 eb
501 3565 561 3622 alto
583 3568 710 3640 respice.
840 3565 975 3654 pendens
999 3565 1101 3624 docuit
1128 3563 1266 3640 populum
1349 3571 1350 3644 ξ

264 3718 283 3774 5
306 3716 399 3774 Nobis
416 3717 584 3776 secundans
602 3719 682 3776 hune
699 3717 776 3776 diem
842 3719 891 3778 Sic
914 3723 978 3778 eins
1005 3725 1131 3778 aeterno
1155 3718 1266 3776 Christe
1349 3773 1350 3784 χ

306 3803 436 3877 apostoli
459 3805 613 3861 sollemnia
844 3806 1038 3864 clarificatum
1059 3806 1174 3863 lumine

304 3888 459 3958 Andreae,
492 3892 574 3947 ouius
597 3907 651 3964 per
674 3891 776 3947 orbem
842 3893 977 3965 spiritum
999 3909 1121 3950 sumens
1145 3891 1175 3948 in
1197 3901 1267 3964 pecc
1332 3939 1336 3947 ,

306 3976 387 4033 clera
408 3977 499 4033 micat
521 3977 678 4034 consessio.
777 3977 819 4036 20
842 3973 918 4034 coeli
939 3979 1047 4035 locasti
1068 3979 1099 4034 in
1123 3975 1252 4035 aethere.

305 4128 372 4199 Qua
393 4135 424 4187 te
446 4129 666 4205 redemptorem
684 4132 776 4190 saecli
841 4132 951 4205 Cuncti
973 4135 1021 4192 cui
1042 4129 1261 4207 proclamemus

243 4213 282 4274 1⁰
304 4214 396 4274 verbo
418 4215 558 4291 probavit
578 4215 648 4276 fidei
842 4217 963 4276 Andrea
986 4233 1129 4278 succurre
1152 4218 1229 4292 pius,

303 4319 358 4374 pro
381 4307 412 4358 tc
435 4307 536 4358 trusus
559 4301 596 4358 ub
618 4303 723 4379 Aegea
837 4321 897 4380 quo
919 4321 975 4379 pro
998 4305 1082 4362 nobis
1108 4307 1249 4361 exorante

303 4388 373 4442 tetri
395 4389 525 4444 carceris
547 4388 657 4444 intima.
837 4394 986 4464 memento
1009 4390 1106 4448 nostri
1130 4378 1260 4446 Domine.
