2848 5030
123 619 142 631 ”
210 620 256 672 ter
279 612 344 672 cod.
366 609 526 672 Sam-Gall.
549 611 603 669 No.
627 612 696 672 381.
713 611 862 671 eouemuit
884 609 970 669 codd.
994 610 1225 670 Murbaceusem
1248 625 1287 668 ac

213 698 441 760 Mwbacensem
463 713 543 754 saec.
567 696 640 764 xli,
664 699 716 772 qui
739 696 904 754 Colmariae
927 701 1129 756 asservantur.

657 841 841 849 ψ...-

301 935 369 996 172.
396 922 521 1006 [Quum
544 925 670 992 diiecto
693 924 925 992 tabernacula
951 921 1091 992 Domini
1118 925 1288 998 obtutum

211 1017 246 1082 el
266 1013 370 1080 atria.
413 1019 446 1075 In
468 1017 716 1078 Dedicatione.
760 1019 893 1094 Antiqua
915 1023 1087 1078 nostrorum
1103 1025 1290 1078 conventua-

211 1109 292 1174 lium,
315 1105 460 1162 bonorum
481 1110 600 1178 patrum
624 1099 901 1176 San-Gallensium.]

276 1225 372 1295 Quam
396 1222 506 1279 dilecta
528 1223 721 1280 tabernacula
811 1224 953 1279 Hirmas
981 1239 1077 1298 agnus
1101 1224 1289 1291 immolatur,

276 1311 385 1367 domini
407 1310 550 1365 virtutum
573 1314 604 1364 et
626 1311 717 1365 atria!
812 1326 871 1382 quo
894 1309 989 1365 Israel
1013 1311 1148 1376 satiatur,

276 1412 366 1472 quam
389 1394 476 1450 electi
499 1393 655 1452 architecti
811 1397 922 1450 tinctus
945 1396 1009 1452 eius
1032 1395 1193 1476 sanguin03

277 1485 342 1538 tuta
365 1477 509 1546 aedificia,
750 1477 791 1538 10
813 1479 860 1536 hic
884 1481 1028 1536 transitur
1053 1479 1165 1536 rubens
1194 1479 1292 1548 unda,

235 1567 253 1626 5
278 1583 355 1642 quae
376 1582 434 1620 non
449 1569 579 1630 movent,
602 1565 691 1620 immo
706 1565 749 1619 so·
814 1565 984 1638 Aegyptios
1008 1565 1063 1620 sub
1086 1564 1236 1639 profunda

569 1655 642 1707 vent
813 1651 943 1706 obruens
966 1652 1117 1726 voragine.

276 1741 394 1802 ventus,
417 1735 535 1803 flumen,
558 1735 670 1809 pluvia!
811 1769 867 1826 Hic
890 1773 943 1826 est,
959 1787 1034 1826 uma
1056 1785 1163 1844 manna
1184 1769 1294 1844 plena,

250 1859 253 1864 '
275 1853 504 1936 Quamdecora
517 1845 727 1922 'fundamenta
814 1855 862 1912 hie
886 1855 1026 1912 mandata
1048 1857 1125 1930 legis
1149 1853 1236 1924 dena,

247 1949 252 1954 ’
277 1942 498 2018 perconcinna
521 1945 707 2006 sacramenta
750 1941 790 2000 45
815 1939 920 1998 sedin
943 1958 1013 1998 arua
1034 1941 1177 2010 foederis;

278 2027 400 2084 umbrae
423 2027 660 2100 praecurrentia;
764 2063 768 2070 ·
814 2027 862 2084 hio
887 2033 956 2084 sunt
978 2025 1061 2094 aedis
1085 2032 1277 2096 ornamento,

136 2129 137 2136 ¹
219 2115 257 2176 to
278 2114 358 2170 latus
381 2110 466 2168 Adae
490 2111 662 2170 dormientis
813 2111 861 2168 hio
885 2111 986 2170 Aaron
1008 2111 1193 2179 indumento,

278 2198 371 2256 Evam
393 2195 479 2266 fudit,
501 2198 531 2252 in
553 2199 700 2254 manentis
817 2215 894 2272 quae
917 2197 1072 2272 praecedit
1094 2197 1224 2276 poderis.

280 2283 405 2358 copulae
426 2281 596 2358 primordia.
814 2317 870 2374 Hie
891 2317 978 2373 Urias
1000 2315 1149 2384 vidua-tur,

279 2402 358 2459 Area
379 2401 463 2474 ligno
484 2401 631 2458 fabricata
751 2401 792 2460 50
813 2402 965 2458 Barsabee
989 2401 1164 2459 sublimatur

278 2487 345 2544 Nou
367 2492 475 2553 servat,
499 2487 666 2560 gubernata
698 2511 702 2521 ·
816 2487 896 2544 sedis
920 2505 1043 2544 consors
1065 2489 1181 2562 regiam

220 2574 256 2633 15
279 2590 334 2648 per
356 2570 457 2627 mundi
480 2571 634 2638 diluvium3
683 2579 687 2588 ’
818 2573 893 2629 haec
915 2575 980 2647 regi
1002 2575 1148 2630 varietate

280 2658 365 2733 prole
387 2673 457 2714 sera
479 2656 599 2716 tandem
620 2658 702 2716 foeta
815 2661 909 2718 vestis
931 2663 1012 2716 uatat
1034 2657 1206 2726 deauratae,

280 2761 355 2802 anus
379 2742 453 2800 Sara
474 2740 553 2798 ridet
574 2744 664 2810 laeta,
816 2745 895 2800 sieut
916 2759 1021 2818 regum
1045 2745 1131 2801 filiae.

178 2901 180 2905 .
279 2834 414 2884 ¹¹⁰⁸m¹¹¹¹
436 2828 552 2884 lactans
576 2827 725 2906 gaudium·
752 2863 791 2922 55
815 2863 881 2919 Huc
902 2864 984 2919 venit
1008 2863 1110 2919 Austri
1132 2863 1239 2938 regina

281 2949 392 3006 Servus
414 2947 488 3004 bibit
511 2949 561 3022 qui
583 2947 710 3022 legatur,
815 2949 981 3006 Salomonis
1004 2965 1094 3024 quam
1116 2946 1217 3006 divina

217 3034 258 3093 20
282 3038 312 3089 et
335 3032 465 3088 camelus
489 3031 657 3106 adaquatur
816 3033 918 3090 condit
940 3035 1100 3106 sapientia;

281 3135 316 3174 ex
338 3117 494 3174 Rebeccae
516 3117 636 3190 hydria;
814 3119 891 3176 haec
907 3121 1056 3194 estnigra,
1074 3117 1128 3176 sed
1142 3119 1298 3189 formosa3

280 3203 356 3259 haec
379 3204 498 3259 inaures
523 3209 553 3258 et
575 3204 706 3260 armillas
806 3204 952 3278 'myrrhae
976 3210 1007 3260 et
1029 3205 1125 3262 thuris
1147 3205 1273 3262 fumosa

227 3306 230 3315 “
280 3294 366 3363 aptat
389 3288 454 3355 sibi,
478 3293 511 3344 ut
533 3306 588 3361 per
609 3289 676 3346 illas
751 3290 792 3348 60
814 3292 900 3365 virga
922 3291 1129 3364 pigmentaria.
1149 3321 1152 3332 ·

279 3376 343 3430 viro
366 3375 419 3430 fiat
443 3391 583 3447 congrua.
816 3409 898 3466 Haec
921 3409 1029 3477 sutura,
1054 3425 1132 3484 quae
1154 3410 1254 3484 figura

216 3493 256 3554 25
273 3495 443 3568 ,synagoga
463 3486 675 3576 supplantatur
817 3493 1011 3562 obumbravit,
1035 3495 1181 3552 reseravit

280 3597 298 3636 a
319 3579 419 3646 Iacob,
443 3578 514 3634 dum
536 3577 703 3654 divagatur,
815 3580 900 3636 nobis
924 3579 988 3636 dies
1011 3581 1140 3654 gratiam

279 3665 366 3722 nimis
388 3665 466 3720 freta
488 3665 608 3730 literae;
814 3667 873 3722 iarn
895 3667 925 3720 in
947 3666 1026 3721 lecto
1051 3683 1118 3722 cum
1141 3664 1254 3724 dilecto

279 3749 391 3823 lippam
413 3750 497 3806 Liam
519 3750 614 3806 latent
636 3751 738 3817 multa,
755 3749 795 3809 65
819 3751 1022 3825 quiescamus,
1046 3757 1077 3808 et
1099 3752 1280 3825 psallamus,

281 3835 390 3910 qulbus
413 3833 517 3892 videns
541 3833 654 3891 Rachel
676 3835 752 3892 fulta
818 3835 927 3892 adsunt
950 3838 1027 3893 enim
1049 3839 1179 3910 nuptiae.

213 3921 257 3980 30
279 3921 345 3994 pari
366 3920 452 3976 nubit
474 3919 603 3976 foedere.

817 3954 948 4024 Quarum
971 3961 1056 4012 tonat
1077 3957 1190 4014 initium

279 4039 312 4096 In
335 4039 413 4097 bivio
436 4045 542 4115 tegens
565 4037 645 4096 nuda
815 4042 845 4097 in
867 4040 946 4097 tubis
970 4041 1162 4116 epulantium,

279 4127 414 4201 geminos
437 4127 516 4200 parit
538 4143 573 4182 ex
595 4123 670 4182 Inda
817 4131 848 4184 et
869 4128 936 4184 finis
959 4144 1014 4200 per
1035 4128 1225 4200 psalterium

280 4211 411 4267 Thamar
434 4207 484 4266 diu
506 4209 608 4277 vidua;
753 4210 793 4269 70
816 4229 960 4284 sponsum
982 4213 1103 4268 millena
1124 4213 1218 4269 millia

278 4296 328 4356 hic
350 4296 476 4369 Moyses
498 4311 517 4352 a
538 4296 648 4370 puella,
814 4314 875 4352 una
894 4295 1020 4353 laudant
1042 4296 1180 4364 melodia,

215 4383 256 4444 35
280 4381 351 4440 dum
372 4397 406 4438 se
428 4381 519 4449 lavat,
542 4383 573 4438 in
595 4382 710 4440 fiscella
817 4384 881 4439 sine
902 4383 962 4438 flue
985 4383 1115 4440 dicentia
1177 4415 1183 4422 ·

278 4468 427 4542 reperitur
450 4467 575 4541 scirpea.
859 4467 1001 4526 Alleluia!
1051 4515 1059 4520 .
1153 4472 1158 4482 ¹
