2772 5024
698 386 786 498 'u

232 605 273 664 At
296 624 354 663 non
375 606 514 682 prohibet
536 607 731 676 Coloniensis‚
755 610 826 687 quin
843 610 981 683 stropha:
1008 610 1188 678 Quaesumus
1204 615 1307 666 auctor

232 695 354 750 omnium
376 696 468 750 nostri
492 693 630 750 carminis
652 695 693 750 sit
714 696 836 768 propria
859 693 979 751 atinde
1002 693 1040 750 ad
1063 695 1122 752 alia
1144 694 1304 764 translata.

233 777 351 851 Optime
375 779 554 834 conveniunt
576 775 681 835 vorba':
706 779 742 834 ab
766 782 844 836 omni
867 781 969 836 mortis
993 782 1106 853 impetu
1128 784 1186 836 etc.
1212 781 1306 836 totius

232 864 369 920 carminis
391 869 577 938 argumento.
622 864 748 940 Legitur
768 870 926 940 praetcrea
947 867 978 924 in
1001 865 1094 924 Oxou.
1119 866 1203 924 etin
1227 864 1306 922 Rhe·

230 949 432 1006 noviensibus.

298 1040 328 1096 P.
347 1039 394 1094 Ca.
413 1039 458 1094 Os.
477 1039 511 1095 D.
532 1039 573 1096 tl.
592 1040 783 1120 consurgit.

663 1201 837 1208 m-..
858 1203 862 1206 .

395 1278 565 1378 ,Refirlqet
594 1283 705 1348 omuie
728 1281 804 1348 tuoe
826 1283 980 1354 muudus
1003 1302 1127 1350 aurea.

508 1382 660 1434 Paschalis.
695 1380 779 1436 Morte
797 1380 818 1434 I.
837 1397 863 1448 p.
883 1384 931 1436 iti
951 1397 1012 1451 sqq.
1107 1402 1108 1405 ¹

355 1493 488 1569 Reiulgit
511 1495 605 1551 omnis
628 1495 695 1550 luce
718 1491 845 1550 mundus
869 1509 968 1562 aurea,

355 1581 494 1662 perfusus
518 1580 622 1636 aether
644 1582 755 1636 inrorat
778 1577 936 1647 dulcidine‚

356 1669 438 1722 astra
460 1664 595 1721 iocundis
619 1665 734 1720 coelum
761 1665 921 1720 luminariis

356 1753 449 1826 cingit
469 1768 525 1824 per
547 1761 632 1806 omne
657 1749 749 1806 decus
771 1749 926 1816 radiantia,

314 1834 332 1894 5
357 1835 483 1893 distillat
505 1837 557 1892 adr
578 1835 779 1892 balsamorum
802 1835 956 1909 guttullas.

355 1971 457 2039 Ortus,
480 1987 616 2040 occasus,
641 1972 755 2046 aquilo,
780 1973 964 2046 septentricn

354 2058 516 2132 tellusque,
540 2063 659 2130 pontus,
683 2059 788 2114 oceani
809 2057 919 2118 linitos

354 2144 417 2209 lati,
440 2144 577 2216 polorum
599 2143 721 2202 iubilate
744 2141 890 2220 cardines,

354 2228 453 2286 sontes
475 2243 634 2306 aquarum,
658 2227 778 2284 flumina
800 2226 940 2294 labentia,

146 2338 148 2350 ν
294 2312 332 2372 10
354 2311 497 2386 plaudete
518 2328 606 2383 manu
629 2313 772 2368 montium
794 2313 956 2376 cacumina.

355 2430 488 2487 Surrciit
512 2431 588 2486 enim
612 2429 747 2485 dominus
771 2429 807 2485 ab
830 2431 940 2497 inferis,

355 2515 473 2572 devicta
496 2520 590 2571 morte
615 2534 682 2571 cum
705 2515 854 2588 triumpho
876 2514 973 2584 rediit,

352 2603 448 2657 victor
470 2601 603 2675 iniquum
627 2601 766 2674 spoliavit
788 2605 940 2666 tartarum,
1005 2629 1010 2646 ‹

355 2687 486 2743 claustra
509 2686 664 2760 gehennae
686 2686 777 2759 fregit
800 2691 830 2741 et
853 2686 1074 2760 cyrographum

293 2773 329 2831 15
353 2774 457 2828 mortis
481 2787 585 2827 cruore
610 2771 695 2826 diluit
717 2771 846 2825 rosifluo.
865 2803 867 2807 -

353 2887 405 2948 Sol
428 2907 528 2953 scema
550 2889 665 2956 mundi,
691 2888 783 2946 decus
807 2889 882 2946 coeli
904 2890 1035 2957 rutilum,

354 2975 465 3034 delusit
488 2993 574 3038 omne
598 2975 751 3030 saeculum
774 2973 925 3040 meridies,

354 3055 430 3118 teuit'
450 3059 607 3134 globorum
628 3058 783 3132 lampades
806 3058 961 3134 nigridine‚

354 3146 471 3211 coelum
494 3143 631 3212 tabescit,
655 3149 736 3200 terra
758 3149 845 3200 nocte
869 3145 997 3210 territur,

288 3230 331 3292 2ss
352 3231 469 3304 languit
491 3229 571 3284 orbis
595 3227 718 3285 obsidus
742 3229 876 3302 caligine.

354 3435 454 3490 velum
476 3435 639 3488 rescissum
663 3437 710 3488 est
733 3433 835 3505 templi
858 3449 924 3486 mox
948 3449 1002 3505 per
1025 3432 1167 3501 medium,

350 3521 441 3576 fissae
465 3517 572 3574 deinde
595 3522 756 3590 patuerunt
778 3517 887 3583 silices,

352 3605 446 3660 multa
468 3605 585 3676 piorum
608 3619 735 3675 corpora
758 3607 949 3657 surrexerant

289 3689 329 3748 25
354 3689 390 3745 de
404 3677 621 3754 monumentis,
646 3685 757 3741 dudum
780 3687 830 3759 qui
854 3686 1042 3743 dormierant.

351 3809 391 3866 Ut
413 3806 486 3864 vidit
509 3807 615 3882 anguis
638 3805 819 3862 immolatum
842 3823 969 3880 vespere
993 3875 998 3880 .

353 3894 487 3966 corporis
510 3891 579 3947 almi
610 3896 745 3946 sanctum
769 3891 954 3957 sacrificium,

354 3976 435 4052 quod
457 3994 543 4034 mane
572 3975 687 4030 coelum
709 3973 837 4048 replerit
859 3973 1010 4042 odoribus

352 4061 454 4118 dolore
478 4061 570 4116 multo
594 4061 714 4115 saucius
737 4060 896 4131 increpuit,

290 4146 330 4206 30
352 4147 510 4222 perculsus
534 4146 603 4224 agni
626 4145 772 4200 mansueti
794 4144 924 4201 vnlnere.

352 4265 432 4322 Vidit
453 4267 483 4320 iu
504 4280 558 4320 era
581 4279 697 4318 sacram
721 4263 817 4319 crucis
844 4263 960 4327 ostiam,

352 4349 506 4427 sanguinis
530 4347 648 4413 undam,
670 4347 792 4404 laticem
814 4345 851 4404 de
874 4347 969 4406 istuc
