2728 5028
373 623 426 694 Τι’
446 627 674 705 maierolma
695 630 861 697 oriminis.
936 649 940 657 ’

122 725 169 782 'lu
185 727 266 783 Festo
288 727 489 781 Maternitatis.
525 729 569 781 Ad
593 727 715 782 Laudes.
750 729 791 782 Ex
809 732 919 786 indultu
937 736 1100 802 apostolico.
1118 769 1126 784 2

150 841 188 898 Te
209 841 307 897 Mater
330 841 407 898 alma
429 841 564 898 Numinis
679 842 849 900 Clementer
872 863 944 921 ergo
971 851 1110 923 prospice

151 926 270 983 Oramus
294 943 397 982 omnes
420 927 581 1000 supplices,
621 928 661 986 10
680 927 789 1012 Lapsis
812 929 919 988 Adami
942 936 1095 1006 posterisz·

148 1010 296 1092 Afruude
318 1029 373 1068 uos
404 1017 438 1068 ut
460 1011 613 1068 daemonis
679 1013 706 1068 A
728 1019 759 1070 te
781 1021 907 1089 rogatus
929 1017 1021 1074 Filius

148 1097 208 1153 Tua
230 1097 284 1153 sub
306 1096 411 1152 umbra
437 1102 591 1171 protegas.
679 1099 818 1172 Deponet
839 1102 913 1158 iram
935 1103 1090 1162 vindicem.

110 1217 127 1275 5
148 1217 190 1273 Ob
204 1215 353 1291 perditum
361 1221 496 1273 nostrum
507 1233 613 1290 genus,
678 1217 759 1285 lesu;
779 1219 832 1275 tibi
856 1221 894 1276 sit
917 1221 1021 1296 gloria,

146 1301 231 1358 Primi
244 1296 388 1376 'parentis
412 1303 542 1370 erimine,
680 1301 737 1371 Qui
759 1309 848 1362 natus
871 1323 904 1363 es
928 1306 965 1364 de
988 1309 1118 1384 Virgine,

38 1415 45 1422 ·
145 1387 191 1444 Ad
211 1387 357 1461 inclytum
378 1387 484 1446 Matris
508 1385 600 1444 decus
619 1387 656 1446 15
680 1387 753 1444 Cum
768 1389 868 1458 Patre,
892 1396 923 1448 et
944 1393 1021 1450 almo
1039 1393 1150 1470 Spiritu
1181 1387 1186 1395 ’

145 1473 185 1530 Te
205 1469 270 1530 Rex
293 1490 451 1548 supremus
474 1473 587 1530 extulit.
680 1473 714 1530 In
737 1477 919 1550 sempiterna
942 1479 1071 1537 saecula

511 1637 713 1649 -----,..-.-.-

143 1789 147 1800 ,
249 1811 255 1819 ,
395 1735 504 1822 nequ
524 1739 676 1824 superna·
697 1739 832 1805 naalia.
948 1781 952 1788 -
1099 1809 1103 1814 ,

116 1836 145 1890 ln
160 1838 248 1892 Festo
269 1837 297 1891 S.
316 1836 469 1894 'theresiae
488 1836 746 1959 vergnam*
782 1838 814 1891 ln
832 1839 961 1908 utrisque
979 1841 1114 1908 vesperis

139 2019 230 2096 Regis
255 2018 378 2094 superni
400 2018 503 2076 nuntia
679 1977 883 2078 Ocharitatis
905 1997 1034 2088 victima,
1077 2081 1079 2084 ,
1110 2036 1117 2044 ·

139 2106 267 2164 Domum
288 2110 445 2180 paternam
468 2101 592 2172 deseris,
618 2105 657 2163 10
679 2105 725 2160 Tu
747 2103 840 2162 eorda
861 2111 965 2164 nostra
980 2123 1147 2176 concrema,

70 2221 72 2228 ·
138 2191 238 2250 Terris
264 2189 400 2248 Theresa
420 2189 555 2246 herberie
676 2189 802 2265 Tibique
825 2189 938 2248 Gentes
962 2191 1091 2249 ereditas

140 2277 294 2336 Christum
317 2275 439 2343 datura,
470 2279 522 2374 aut
545 2291 612 2332 san·
675 2276 787 2334 Averni
809 2275 846 2334 ab
869 2278 938 2352 igue
961 2277 1062 2336 libera.
1120 2349 1126 2358 .

434 2377 562 2435 guinem.

100 2481 117 2540 5
138 2481 198 2540 Sed
221 2486 252 2539 te
270 2485 379 2547 ,manet
402 2482 522 2538 suavior
679 2481 724 2537 Sit
745 2481 812 2538 laus
834 2479 917 2538 Patri
941 2499 1008 2540 eum
1029 2482 1112 2555 Filio,

136 2565 229 2636 Mors,
255 2583 356 2641 poena
371 2568 469 2641 posuit
485 2565 612 2623 dulcior:
679 2567 717 2622 Et
740 2567 852 2642 Spiritu
874 2565 1033 2636 Paraclito,

136 2654 235 2711 Diviui
260 2653 370 2708 amoris
394 2651 519 2726 cuspide
620 2652 657 2710 15
681 2651 815 2726 Tibique,
841 2657 945 2708 saneta
966 2652 1105 2720 Trinitas,

135 2738 168 2795 lu
191 2739 306 2798 vulnus
328 2739 389 2794 ieta
412 2736 562 2794 conoides.
678 2737 773 2806 Nune,
789 2739 1148 2812 etperomuesaeeulum.

157 2859 323 2915 Schlosser
344 2856 366 2914 1.
382 2875 410 2930 p.
426 2857 503 2914 415:
529 2856 704 2931 Sipnorcttt:
726 2857 756 2914 Il
763 2864 904 2932 presente
918 2856 956 2912 ed
968 2857 992 2913 il
1011 2866 1149 2932 sequente

48 2961 53 2972 ¹
78 2943 139 3001 iuno
153 2943 259 3010 ’(Ηασσ
290 2949 335 2998 est
364 2942 426 3000 dies
455 2960 511 3016 qua
541 2941 692 3006 candidae)
722 2960 792 2998 sono
821 2944 893 2998 stati
916 2961 974 3017 per
995 2943 1097 2999 ordine
1118 2944 1149 3000 di

83 3027 188 3087 Urbano
209 3027 294 3088 VIIl.
312 3029 444 3102 epotasti
460 3029 491 3083 ul
503 3025 666 3094 Breviorio,
690 3046 705 3082 e
727 3031 754 3084 si
769 3028 892 3084 medone
913 3029 985 3085 suot.
1002 3055 1045 3066 -
1058 3029 1149 3085 Bonsi

77 3123 145 3190 sapt,
169 3115 224 3173 der
246 3113 381 3188 Hymnus
402 3115 446 3170 set
467 3131 521 3170 oon
543 3115 730 3188 apparuissem
759 3113 920 3185 Versasser.
1050 3119 1052 3126 '

529 3261 713 3270 ...ιιι-ουν.

326 3340 423 3408 Haeo
445 3345 500 3408 eet
521 3343 596 3410 dies
625 3362 697 3430 qua
720 3341 904 3408 candidae.

173 3461 175 3468 ·
290 3443 323 3496 Iu
341 3441 427 3496 Festo
446 3441 473 3496 S.
492 3443 654 3496 Therasiae.
667 3435 676 3452 ⁸
690 3443 735 3496 Ad
753 3437 929 3495 Nlatutiuum.

133 3560 220 3618 Haec
239 3562 289 3616 est
304 3555 378 3624 dieo,
396 3573 456 3631 qua
472 3555 616 3617 candidae
640 3556 658 3615 5
683 3557 851 3630 Sponsique
874 3571 964 3612 voees
987 3553 1093 3628 audiit:

134 3644 238 3704 Instar
263 3640 429 3710 columbae,
444 3643 594 3698 ‘coelitum
680 3643 755 3698 Veni
778 3658 863 3698 soror
886 3639 924 3697 de
946 3641 1059 3698 vertice

133 3729 183 3786 Ad
208 3717 300 3787 saera
321 3728 434 3802 templa
457 3729 578 3802 spiritus
637 3763 646 3774 ι
681 3727 808 3784 Carmeli
830 3725 869 3782 ad
891 3726 969 3800 Agni
996 3727 1128 3801 nuptias:

135 3816 175 3873 S'e
198 3813 357 3872 transtulit
379 3813 551 3872 Theresiae.
681 3814 756 3870 Veni
778 3811 816 3868 ad
839 3829 980 3869 eoronam
1003 3801 1124 3888 gloriae.
1203 3870 1206 3876 ,

387 3933 439 3999 Te,
458 3949 567 4006 sponse
589 3931 660 3988 Iesu
683 3933 846 4006 Virginem,

168 4016 172 4022 ’
271 4020 280 4038 “
329 4015 366 4077 10
388 4017 478 4074 Beati*
498 4017 624 4074 adorent
647 4015 785 4084 Ordines,

385 4103 423 4159 Et
444 4103 569 4177 nuptiali
593 4105 708 4180 cantico

384 4187 522 4245 Laudent
544 4206 598 4263 per
621 4205 707 4246 omne
731 4188 892 4244 saeculum.
971 4238 975 4252 ,

75 4279 78 4290 ¹
156 4311 193 4367 In
219 4309 328 4366 Officio
340 4308 504 4383 Hispaniae
520 4309 645 4365 alterum
668 4287 794 4382 apparet
816 4309 925 4365 festum
948 4307 976 4364 S.
993 4306 1155 4363 Theresiae

1 4433 2 4436 ,
74 4391 121 4452 die
143 4396 197 4457 27.
232 4394 327 4470 Augu
366 4394 395 4450 8.
425 4393 587 4451 Theresite
619 4392 750 4454 seeundo
779 4395 829 4452 vel
851 4394 972 4451 Festum
994 4391 1157 4449 Transver-
