2728 5028
276 607 378 666 Gloria
399 623 537 666 summae·
554 607 696 665 Trinitati
715 609 788 677 Deo,

212 693 255 752 aa
279 695 374 770 gloria
396 695 474 751 trina
495 709 555 753 una
577 709 782 768 personarum,

275 785 341 837 tota
363 782 508 855 cuiusque
529 797 589 838 non
612 779 708 838 divisa
729 782 827 848 onim,

428 872 490 924 tres
513 868 591 924 enim
612 883 711 924 unum.
774 923 780 930 ,

155 985 198 1041 Ex
218 986 358 1042 ¹omnium
387 988 565 1054 carminum,
596 1003 674 1060 quae
705 985 732 1044 S.
755 983 908 1042 Bernardo
939 983 1143 1058 adsignantur,

83 1089 203 1140 numero,
228 1073 253 1128 si
275 1070 399 1128 remed
421 1073 520 1130 vivum
534 1067 717 1139 resecamus,
740 1076 802 1128 tres
818 1071 1020 1128 tantummodo
1043 1070 1146 1144 hymni

13 1165 14 1168 ’
83 1158 108 1212 in
128 1157 154 1214 S.
176 1158 306 1214 Victoris
326 1157 450 1232 gloriam
478 1158 647 1232 composita
675 1158 787 1216 invicta
817 1159 964 1216 sententia
984 1157 1146 1214 Doctorum

13 1293 14 1298 ,
85 1241 325 1300 clarevallensem
347 1249 515 1317 agnoscunt
536 1249 662 1318 patrem.
699 1243 836 1317 Rogatus
859 1242 896 1298 ab
917 1241 1033 1300 Abbate
1057 1241 1146 1297 Arre·

13 1361 15 1388 l
84 1331 216 1405 marrensi
239 1333 272 1383 ut
295 1327 432 1386 Officium
455 1329 491 1385 de
515 1329 544 1386 S.
560 1330 689 1396 Victore,
713 1330 885 1386 monasterii
907 1333 1043 1404 petrono,
1067 1345 1146 1384 com-

84 1420 206 1488 poneret,
234 1413 330 1488 Epist.
361 1414 432 1474 312.
462 1413 619 1489 praedicto
649 1413 760 1472 Abbati
788 1413 864 1470 haec
896 1413 1011 1472 scribit:
1034 1439 1077 1452 -
1098 1414 1146 1472 En

13 1549 14 1552 ,
86 1501 172 1572 qualia
194 1506 308 1574 oportet
329 1519 393 1557 esse
416 1519 489 1574 quae
511 1504 542 1558 in
564 1501 739 1558 audientiam
754 1501 903 1557 Ecclesiae
925 1501 1053 1568 ueniunt,
1076 1517 1147 1573 qua·

20 1659 27 1668 .
86 1585 165 1642 lemae
185 1585 286 1642 horum
308 1593 462 1643 auctorem.
500 1585 638 1659 Nunqnid
660 1587 727 1642 talis
749 1605 811 1660 eqo,
834 1594 886 1643 aiat
908 1587 977 1644 talia
1000 1604 1074 1658 quae
1090 1603 1146 1660 ματ

13 1669 14 1698 ³
85 1673 158 1726 ravi?
192 1671 233 1726 Et
255 1679 348 1727 tamen
371 1671 407 1728 de
415 1679 592 1748 paupertate
614 1691 676 1728 mea
700 1679 727 1728 te
743 1673 890 1748 pulsante,
915 1679 942 1728 te
957 1673 1144 1746 inquietante,

87 1759 134 1812 etsi
153 1775 207 1813 non
230 1759 298 1832 quia
318 1760 425 1814 amicas
441 1777 481 1826 es,
504 1764 583 1814 certe
605 1759 639 1814 ab
663 1763 738 1814 tuam
754 1759 997 1832 importunitatem
1012 1775 1145 1830 surqens,
1177 1780 1180 1785 ·

13 1853 14 1856 ’
85 1841 166 1898 ἰαωία
182 1843 296 1899 uerbum
322 1843 451 1912 Domini,
469 1844 611 1918 praestiti
639 1844 717 1916 quael
738 1845 850 1917 petisti.
902 1843 1045 1900 Praestiti
1074 1841 1146 1907 dico,

85 1945 135 1982 non
156 1927 231 2000 quod
252 1927 304 1984 tibi
325 1927 364 1984 ad
384 1927 564 1996 natumsed
584 1929 660 2002 quod
681 1930 749 1984 milii
771 1928 810 1984 ad
822 1947 949 1984 manum
978 1929 1077 1983 uenire
1093 1945 1148 2000 po·

13 2011 15 2100 l
87 2013 143 2080 tait,
159 2031 215 2088 pro
232 2013 443 2087 poscentique
465 2033 535 2082 meo,
559 2033 615 2070 non
631 2033 690 2090 pro
712 2015 784 2071 celle
808 2021 863 2069 tiro.
910 2013 1031 2070 Servata
1055 2019 1147 2068 tamen

84 2102 257 2172 antiquorum
280 2101 403 2156 veritate
424 2103 605 2175 scriptmum,
629 2119 703 2174 quae
726 2105 756 2156 tu
779 2099 847 2156 milei
878 2100 1091 2165 transmiseras,
1113 2097 1148 2152 cle
1195 2155 1198 2163 ,

85 2188 146 2259 υἱέαΙ
162 2185 261 2241 Sancti
283 2183 354 2242 duos
378 2185 531 2257 Sermones
561 2185 667 2242 dictavi
697 2186 888 2258 qualicunque
917 2201 1053 2240 sermone.
1070 2201 1148 2238 meo:

13 2269 17 2344 ζ
85 2271 153 2327 illud
171 2277 307 2344 qnantum
323 2274 410 2346 potui
432 2289 544 2340 canens,
569 2279 602 2327 ut
623 2289 675 2326 nec
690 2271 817 2328 brevitas
839 2272 984 2338 obscuras,
1008 2287 1061 2326 nec
1077 2287 1148 2342 pro·

13 2369 15 2416 l
86 2357 180 2413 licitas
209 2355 346 2414 redderet
373 2375 519 2413 onerosas.
572 2357 684 2412 Deinde
713 2356 791 2429 quad
818 2356 857 2411 ad
884 2363 998 2412 cantum
1027 2360 1147 2430 spectat,

13 2451 14 2521 ᾗ
85 2441 209 2516 hymnum
232 2445 384 2520 composui,
407 2430 492 2498 metri
506 2443 671 2516 neqliqens,
694 2450 728 2497 ut
748 2443 847 2499 sensui
869 2461 925 2498 non
948 2441 1083 2497 deessem.
1106 2466 1149 2476 -

14 2525 15 2596 j
85 2525 121 2583 Ut
140 2527 276 2584 lubenter
297 2527 394 2583 fatear
416 2545 493 2603 quae
518 2529 631 2596 sentio,
654 2527 783 2602 hymnus
807 2545 865 2582 non
888 2527 1084 2602 aequiparare
1107 2525 1149 2584 vi·

14 2647 16 2690 5
86 2611 166 2670 detur
186 2613 289 2670 virtuti
311 2617 402 2688 atque
424 2615 543 2688 ingenio
567 2613 595 2670 S.
619 2612 771 2669 Bemardi.

131 2807 261 2894 Mayne
281 2811 387 2894 paler
408 2791 607 2893 Aninetine
626 2827 754 2894 preces
776 2811 923 2874 nostrae
945 2807 1100 2891 suscipe.
1168 2835 1175 2846 ·

335 2909 420 2964 Thes.
438 2909 459 2962 1.
475 2926 503 2976 p.
521 2910 580 2964 313.
615 2909 659 2962 De
680 2909 708 2962 S.
727 2908 896 2977 Augustino.

164 3023 253 3080 ltlone
276 3023 327 3079 ΠΙ.
350 3041 380 3097 p.
405 3021 476 3082 204.
503 3023 613 3079 multos
637 3021 756 3080 codices
782 3039 817 3078 ac
839 3023 930 3078 libros
956 3021 1097 3088 contullt,
1120 3021 1151 3076 iu

89 3125 205 3180 quorum
227 3127 351 3166 numero
374 3126 433 3164 non
456 3109 528 3166 nulli
552 3109 665 3176 saeculi
679 3109 754 3165 XIV.
780 3113 857 3164 sunt.
899 3110 928 3168 2.
953 3105 1152 3164 conditori

87 3195 488 3270 nosplacaresatage.·
529 3194 556 3252 3.
582 3199 876 3270 gregemtuum.
921 3193 949 3252 6.
971 3193 1085 3251 favos.
1123 3192 1151 3249 8.
1223 3191 1226 3199 '

89 3279 293 3358 salvatoris.
537 3335 540 3342 ,
698 3279 701 3284 '

164 3367 288 3441 Legitur
310 3366 438 3439 hymnus
459 3364 728 3423 innocentioribus
749 3383 871 3442 quoque
885 3363 1047 3422 Brevieriis
1062 3362 1153 3419 Prae·

87 3453 343 3508 monstratensium
366 3456 396 3521 et
418 3450 538 3536 Ordinis
561 3452 719 3509 Servorum
731 3440 775 3507 ιΒ.
791 3451 832 3506 Μ.
847 3451 881 3508 V.
926 3452 954 3509 2.
971 3449 1004 3504 Ρ.
1022 3449 1051 3504 S.
1075 3465 1153 3504 con-

88 3532 204 3594 ditori
219 3555 284 3594 nos
299 3535 449 3612 placare
465 3535 506 3603 (S.
522 3534 642 3606 unice)
659 3543 799 3612 satage.
839 3536 867 3594 3.
884 3533 916 3592 Ρ,
933 3535 961 3592 S.
978 3553 1025 3609 gr.
1046 3537 1151 3592 tuum.

88 3618 115 3676 0.
137 3620 167 3677 Ρ.
190 3623 217 3681 5.
239 3625 351 3681 favos.
397 3623 425 3681 8.
449 3622 482 3680 P.
508 3621 685 3693 S.,verbis
713 3623 921 3681 salvatoris.

517 3771 561 3780 -uo
566 3771 719 3780 —------—-·---

364 3842 483 3922 Ores
504 3851 601 3920 orbis
625 3851 868 3940 triumphator.

369 3956 453 4008 Thes.
471 3953 492 4008 Ι.
510 3955 569 4008 305.
603 3953 648 4006 De
667 3953 694 4007 S.
713 3952 815 4007 carolo
833 3951 878 4022 M.¹

167 4065 257 4126 Moue
278 4067 330 4124 Ill.
353 4085 382 4144 p.
407 4067 478 4127 340.
494 4067 581 4143 Perg.
595 4067 658 4124 'He
673 4067 729 4123 No.
746 4065 823 4135 040.
846 4083 882 4122 au
896 4061 1078 4129 namstede,
1103 4070 1157 4117 aue

90 4145 155 4206 dem
177 4153 223 4209 li.
246 4151 363 4222 achra,
388 4153 435 4234 llic
449 4152 702 4210 wahrscheinlich
724 4170 783 4210 von
806 4151 848 4209 St.
864 4149 960 4208 Jacob
983 4165 1020 4206 au
1035 4147 1157 4208 Liittich

88 4231 232 4296 henuhn.
274 4239 304 4300 2.
326 4237 465 4298 mundi.
511 4239 558 4298 10.
580 4256 687 4316 pure.

522 4385 727 4398 m
