2822 5026
622 461 708 574 rax

91 643 281 718 capitellum.
319 591 665 718 ''complectebatur-nis
681 643 771 702 dicite
786 626 955 701 matutinos.
1001 592 1176 712 Inonem,

93 729 208 798 idest,
233 735 312 804 post
335 727 455 785 Pascha
476 747 573 804 usque
596 727 739 786 kalendas
764 729 903 786 Octobris
930 732 996 803 ipse
1019 729 1090 787 ordo
1114 733 1177 791 erit.

96 815 186 874 Sexta
208 817 291 872 feria
313 831 387 880 vcro
409 820 479 888 post
500 821 662 873 nocturnos
687 815 763 876 duae
786 817 895 872 missae
917 817 990 871 fiant
1005 818 1034 872 in
1051 822 1176 884 aestate,

3 909 4 914 ’
98 904 125 958 in
149 901 267 974 hyeme
291 906 365 957 tres.
410 901 487 956 Nam
508 900 662 957 Dominica
684 903 762 956 omni
785 906 919 974 tempore
949 907 980 957 et
1008 903 1037 957 in
1060 907 1176 958 aestate

100 992 128 1042 et
140 989 175 1044 in
198 987 314 1060 hyeme
343 993 413 1060 post
439 991 601 1042 nocturnos
631 1003 683 1042 sex
702 989 812 1042 missae
834 987 915 1042 flant.
962 987 992 1042 si
1015 1005 1087 1044 vero
1110 1003 1177 1045 cve·

3 1127 5 1136 ,
59 1080 69 1088 “
101 1075 175 1128 nerit
197 1078 235 1128 ut
259 1071 378 1128 tardius
401 1071 440 1128 ad
461 1072 580 1146 vigilias
605 1077 763 1146 surgatur5
783 1077 927 1146 quantum
950 1071 1060 1128 Abbati
1082 1065 1177 1130 visum

101 1159 195 1226 suerit,
221 1163 343 1214 tantum
365 1157 492 1232 legatur.
533 1155 663 1226 'Quando
688 1159 805 1232 signum
823 1157 936 1228 fecerit,
959 1159 1010 1233 qui
1023 1158 1097 1231 legit
1114 1160 1176 1214 sine

101 1261 180 1299 mora
204 1248 387 1318 consurgat,
417 1245 634 1307 stratonicus
660 1244 817 1304 missarum
844 1259 983 1304 numerus
1005 1245 1103 1316 possit
1124 1245 1176 1299 irn-

102 1329 181 1402 pleri.
232 1329 260 1384 A
283 1327 419 1384 kalendis
442 1345 513 1386 vero
537 1329 676 1388 Octobris
705 1328 753 1384 alii
781 1330 916 1386 nocturni
944 1326 1073 1384 addendi
1097 1337 1174 1384 sunt.

102 1413 137 1469 ad
169 1415 290 1497 primos
327 1411 484 1470 dicendum
522 1419 580 1470 est:
629 1414 772 1470 Miserere
805 1415 863 1470 mei
895 1414 976 1469 Deus
1013 1413 1175 1470 secundum

101 1497 243 1574 magnam
273 1498 507 1555 misericordiam
542 1504 631 1554 tuam.
667 1497 706 1554 ad
742 1498 903 1555 secundos:
942 1499 1085 1555 Miserere
1119 1503 1175 1556 mei

101 1585 190 1652 Deus,
216 1586 455 1654 misereremei,
479 1583 668 1640 directaneus
692 1583 835 1640 dicendus
859 1589 918 1651 est,
941 1585 1049 1658 psalmi
1072 1583 1175 1642 deceni

102 1676 131 1726 et
163 1676 249 1726 octo:
289 1671 433 1726 lectiones
468 1669 557 1726 duae
579 1669 615 1726 de
649 1669 823 1743 Prophetis,
862 1675 914 1726 aut
941 1669 978 1726 de
1007 1671 1173 1726 Salomone.

21 1775 24 1786 ¹
102 1755 239 1830 Hymnus
263 1753 303 1811 ad
325 1757 435 1830 primos
458 1761 633 1812 nocturnos:
662 1755 733 1811 Rex
756 1761 904 1812 aeterne
927 1755 1082 1812 Domine.
1128 1756 1175 1812 Ad

104 1841 268 1898 secundos:
303 1839 431 1915 Magna
454 1847 489 1896 et
511 1841 700 1896 mirabilia.
745 1841 819 1897 Post
842 1839 953 1908 dictos,
979 1843 1048 1915 quia
1071 1848 1175 1898 noctes

103 1931 253 1994 crescunt,
279 1925 411 2000 quotidie
434 1925 474 1982 ad
494 1926 600 1982 librum
622 1927 712 1982 facite
735 1928 842 1983 missas
865 1931 936 1982 tres.
981 1927 1063 1982 Unus
1083 1927 1175 1983 frater

103 2013 183 2086 legat
205 2013 337 2086 paginas
360 2017 411 2067 aut
434 2017 495 2068 trcs
519 2016 570 2068 a'ut
593 2017 731 2087 quatuor,
755 2009 903 2086 quomodo
927 2027 1065 2067 mensura
1087 2013 1176 2068 fuerit

106 2097 180 2160 libri.¹
206 2099 234 2154 si
256 2098 371 2153 minute
394 2099 536 2171 scriptus,
569 2103 621 2152 aut
643 2090 746 2152 maiori
772 2099 880 2163 forma,
912 2099 1013 2152 ternas
1035 2099 1176 2172 paginas3

108 2184 132 2238 si
152 2185 258 2250 minor,
295 2187 435 2256 quatuor:
474 2189 504 2258 et
526 2185 578 2238 fiat
602 2185 704 2238 oratio.
729 2183 834 2238 iterum
857 2184 940 2255 legat
962 2186 1089 2250 tantum,
1124 2183 1177 2239 flat

22 2313 26 2324 ,
102 2253 159 2324 alia
179 2269 289 2324 oratio.
324 2270 414 2324 tertio
437 2268 520 2342 legat
541 2267 620 2324 idem
643 2273 770 2332 tantum,
802 2273 832 2323 et
855 2269 977 2342 surgite.
1013 2267 1101 2324 dicite
1125 2277 1175 2324 an·
1266 2284 1269 2290 ·
1305 2239 1309 2247 „

101 2355 258 2428 tiphonem
287 2352 325 2410 de
352 2354 475 2426 psalmis
503 2355 531 2408 in
555 2353 671 2420 ordine,
709 2358 817 2426 postea
839 2371 1029 2426 responsum,
1068 2353 1174 2410 deinde
1248 2369 1256 2382 ‘

99 2439 306 2514 antiphonam.
352 2439 461 2494 lterum
485 2439 567 2513 legat
589 2440 664 2496 alius
687 2440 791 2495 frater:
817 2445 847 2496 et
870 2441 912 2495 sic
934 2441 1064 2512 impletis
1080 2440 1174 2496 tribus

99 2527 200 2582 missis
225 2523 316 2580 dicite
340 2525 546 2602 matutinarios
569 2525 741 2591 canonicos3
771 2523 801 2580 id
824 2530 884 2592 est,
908 2525 1002 2598 primo
1027 2528 1174 2584 canticum

98 2613 128 2668 in
151 2609 332 2683 antiphona,
372 2608 479 2666 deinde
506 2609 720 2668 directaneum:
758 2603 862 2667 ludica
888 2627 934 2668 me
957 2611 1048 2666 Deus.
1090 2609 1174 2669 Deus

98 2697 182 2755 Deus
207 2713 293 2760 meus
316 2694 355 2750 ad
378 2700 407 2750 te
430 2695 467 2750 de
496 2695 562 2751 luce
585 2690 684 2770 vigilo.
730 2694 834 2750 Lauda
861 2696 958 2751 anima
975 2703 1056 2771 3mea'
1074 2697 1174 2752 Domi·

97 2799 178 2838 num.
225 2779 363 2838 Laudato
379 2781 534 2836 Dominum
558 2781 695 2854 quoniam
710 2781 805 2860 bonus
821 2786 867 2837 cst
881 2780 1024 2856 psalmus.
1070 2781 1174 2836 Lauda

97 2866 273 2924 Jerusalem
305 2865 469 2924 Dominum.
516 2865 600 2922 Inde:
642 2865 778 2922 Laudato
811 2866 967 2923 Dominum
1002 2865 1038 2922 de
1073 2867 1172 2922 caelis.

98 2953 230 3010 Caritate
264 2951 389 3009 Domino
427 2953 574 3008 canticum
611 2969 728 3007 novum.
780 2950 916 3008 Laudato
951 2951 1109 3008 Dominum
1144 2954 1173 3008 in

101 3039 213 3094 sanctis
247 3038 320 3092 cius.
352 3037 381 3092 in
404 3037 566 3111 antiphona
597 3036 685 3092 dicite
714 3037 868 3110 hymnum:
908 3037 1088 3110 Splendor
1116 3055 1173 3111 pa·

100 3129 228 3179 ternae
253 3115 402 3196 gloriae.
441 3121 581 3178 aliadie:
620 3122 777 3180 Aeterne
806 3123 899 3178 lucis
924 3121 1104 3190 conditor,
1143 3129 1173 3179 at
1278 3180 1280 3184 ,

102 3207 284 3283 capitellum,
310 3207 445 3280 et‘Kyrie
469 3209 581 3264 cleison
604 3207 760 3264 duodecim
783 3209 906 3266 vicibus.
952 3207 1095 3269 Omnibus
1113 3207 1173 3264 die·

102 3295 154 3362 bus
189 3291 373 3367 quotidianis
407 3294 449 3348 ita
483 3293 652 3366 impleatur:
690 3293 764 3350 Post
793 3293 953 3352 matutinos
982 3293 1020 3350 ad
1049 3296 1173 3367 primam

101 3377 259 3436 duodecim
269 3378 377 3452 psalmi
389 3377 534 3435 dicantur:
546 3379 687 3451 hymnus:
699 3379 889 3453 Fulgentis
905 3383 1034 3434 auctor
1050 3379 1173 3435 aethe·

101 3467 162 3530 ris;
191 3465 340 3520 lectiones
364 3463 449 3530 duae,
473 3481 533 3520 una
556 3463 592 3520 de
615 3464 718 3530 veteri,
742 3465 800 3537 alia
823 3463 860 3520 de
883 3481 959 3521 novo
983 3468 1172 3538 testamento,

101 3556 129 3611 et
159 3549 343 3624 capitellum.
389 3549 462 3606 Post
493 3549 569 3606 haec
600 3568 702 3609 omnes
732 3550 852 3606 lectioni
880 3553 988 3607 vacent
1014 3567 1110 3624 usque
1135 3549 1173 3608 ad
1246 3569 1249 3576 ·

102 3636 204 3695 boram
226 3636 355 3691 tertiam.
381 3635 417 3692 de
439 3636 555 3710 reliquo
579 3653 649 3691 vero
673 3634 730 3692 diei
754 3636 851 3708 spatio
874 3635 985 3691 faciant
1000 3651 1091 3708 opera
1108 3653 1172 3703 sua,

102 3720 267 3778 secundum
289 3719 372 3801 illud(
386 3721 467 3796 quod
489 3721 631 3776 Dominus
655 3719 738 3777 dixit:
767 3719 856 3776 Pater
878 3737 962 3775 meus
985 3720 1170 3795 usquemodo
1193 3734 1198 3744 ·
1265 3711 1299 3793 λ’

102 3813 252 3884 operatur,
278 3811 308 3862 ct
330 3823 387 3880 ego
411 3823 526 3880 operor.
573 3805 610 3862 Et
631 3803 704 3877 illud
727 3805 877 3880 Apostoli:
917 3805 1083 3880 Operantes
1112 3823 1172 3862 ma·

102 3892 185 3950 nibus
208 3891 331 3952 nostris.
378 3891 426 3947 Et:
465 3891 522 3960 Qui
551 3909 608 3947 non
632 3897 773 3966 operatur
799 3909 857 3948 non
883 3889 1050 3948 manducet.
1097 3890 1173 3962 Quia

104 3979 330 4052 scriptumest:
371 3976 441 4032 Viae
464 3978 628 4034 otiosorum
655 3981 768 4034 stratae
792 3981 861 4033 sunt
884 3978 985 4050 spinis.
1031 3975 1081 4032 Et:
1111 3995 1172 4035 scr·
1205 3993 1219 3998 ··

103 4080 169 4118 vum
197 4062 333 4118 inutilem
356 4054 504 4135 proiicite
541 4063 569 4118 in
600 4061 738 4118 tenebras
770 4063 939 4118 exteriores.
986 4061 1171 4131 Quotidianis
1213 4105 1218 4111 .

104 4145 190 4222 igitur
213 4147 319 4204 diebus
348 4145 386 4203 ad
409 4149 526 4204 tertiam
554 4145 710 4207 duodecim
736 4147 868 4228 psalmos
893 4146 995 4215 dieite,
1034 4148 1171 4220 antipho·

106 4249 177 4300 nam,
199 4233 365 4308 hymnum:
396 4233 467 4290 lam
491 4235 611 4308 surgit
632 4231 722 4288 hora
745 4235 865 4292 tertia.
888 4233 1046 4296 lectionem
1070 4237 1099 4286 ct
1122 4248 1171 4289 ca-

107 4317 248 4388 pitellum:
287 4317 353 4376 liat
369 4319 511 4376 Domine.
557 4317 605 4374 Ad
632 4322 745 4375 sextam
772 4319 810 4376 sit
836 4321 902 4391 ipse
928 4331 1067 4374 numerus
1090 4317 1171 4387 psal·

3 4411 6 4448 i
109 4418 227 4473 morum,
252 4403 429 4478 antiphona,
453 4404 595 4479 hymnus:
624 4402 695 4474 lam
719 4409 822 4468 sexta
846 4405 978 4476 sensim
1000 4401 1168 4475 volvitur,
