2728 5028
392 553 562 630 Pacem
587 536 656 644 ner
684 575 844 640 amoena.

414 654 458 718 De
476 656 611 716 Richardi
628 657 821 726 imperatrice.

15 833 17 868 ,
87 803 90 810 ¹
147 785 282 845 Paradisi
304 803 359 860 per
382 779 523 844 amoena¹
684 788 766 846 Coeli
790 789 901 866 stipata
922 787 1053 868 floribus,

15 869 17 874 ’
146 875 228 931 luces
253 877 334 929 sorte
357 871 533 940 ducentena,
619 873 660 932 20
681 875 824 931 virtutum
846 873 922 932 fulta
948 874 1087 942 moribus,

15 1013 16 1034 ,
144 957 312 1026 Richardis,
335 959 421 1032 virgo
443 960 537 1034 regia,
628 969 632 976 ’
680 958 856 1016 humilitatis
879 960 966 1027 viole,

15 1039 16 1096 3
62 1109 71 1118 .
116 1045 239 1118 ¹stirpe
261 1061 368 1118 regum
389 1049 557 1116 procreata,
680 1043 832 1101 distribuis
856 1043 976 1112 dotalia,

109 1129 125 1188 5
145 1145 237 1205 supra
260 1129 355 1186 solem
377 1127 521 1185 deaurata
681 1145 799 1194 marum
822 1132 914 1186 mittis
938 1129 976 1186 ad
998 1131 1094 1198 fortia,

16 1211 17 1214 ’
145 1231 259 1290 sponsa
282 1213 378 1270 clares
399 1215 533 1294 egregia.
682 1220 716 1271 tu
739 1210 858 1272 deitatis
882 1215 983 1272 sciola.

143 1336 231 1394 Flore
253 1331 382 1394 vernans
404 1334 544 1409 virginali
616 1332 657 1394 25
681 1333 786 1394 Soluta
808 1337 905 1394 carnis
927 1335 1026 1398 locide

145 1419 200 1478 sub
224 1424 382 1476 contractu
404 1420 554 1494 coniugali
684 1419 829 1495 degustas
851 1422 940 1496 pleno
963 1421 1072 1495 poculo

15 1577 16 1580 Ἴ
143 1505 268 1582 pudoris
290 1506 351 1562 fers
376 1505 572 1580 signaculum,
679 1504 809 1564 nuncin
832 1507 934 1575 coelis,
958 1505 1039 1582 quod
1062 1505 1152 1564 sitisti

15 1597 17 1664 i
93 1593 124 1652 10
143 1593 251 1650 victrix
295 1595 358 1650 stas
401 1591 521 1653 flamus
555 1608 615 1652 non
680 1593 779 1652 caecis
802 1593 894 1662 visus,
918 1593 1003 1668 quies
1026 1593 1125 1660 fessis,
1187 1589 1192 1598 ’

308 1677 311 1684 ’
411 1680 517 1752 5555,
683 1675 797 1736 claudis
828 1695 969 1756 gressus,
1007 1694 1065 1752 pax
1099 1696 1172 1752 op-x

144 1767 254 1830 mente,
278 1777 368 1820 carne
390 1765 424 1818 tu
445 1766 573 1820 venusta
972 1763 1087 1838 pressis

144 1849 319 1906 monstraris
341 1863 396 1922 per
411 1844 593 1904 miraculur‘n.
618 1847 660 1906 30
679 1865 736 1926 per
756 1853 788 1905 te
812 1846 908 1916 detur,
931 1849 1016 1927 virgo
1033 1847 1151 1906 Christi.

144 1967 301 2048 Tanquam
316 1985 421 2026 aurum
437 1965 615 2042 esprobctc,
649 2020 652 2026 ,
681 1965 746 2027 Tuo
768 1985 881 2042 sponso
905 1965 1045 2042 copulata

144 2071 200 2111 nec
222 2071 297 2110 uxor
320 2051 498 2121 adulterata,
681 2055 721 2112 sis
743 2071 798 2129 pro
820 2051 905 2112 nobis
929 2053 1077 2111 advocata
1136 2101 1139 2110 ,

16 2211 17 2220 ¹
91 2138 278 2214 repsallere
301 2141 371 2214 igne
398 2138 573 2213 grattdaris;
683 2140 787 2195 summi
808 2141 902 2212 patris
926 2137 965 2194 ad
985 2139 1087 2207 filium,

145 2230 249 2300 spreto
271 2225 401 2282 maritali
421 2237 499 2280 nexu
681 2227 732 2298 pia
755 2223 869 2298 doctrix
892 2226 1050 2292 castitatis,

143 2327 306 2386 perennem
321 2327 464 2385 sponsum
480 2309 618 2383 amplexu
634 2309 673 2368 et
683 2311 800 2366 famulis
822 2312 949 2384 propina
972 2312 1066 2386 gnatis

143 2415 221 2454 ncvc
245 2401 335 2452 cantu
359 2396 517 2452 comitaris.
680 2395 805 2453 tutelam
826 2401 897 2470 post
919 2395 1045 2453 exilium.
1087 2469 1094 2484 ’

165 2533 256 2594 Mene
285 2529 336 2589 111.
367 2533 438 2594 492.
469 2515 702 2608 'sireniburger
730 2531 783 2592 Hs.
828 2531 861 2588 E.
890 2531 939 2594 00.
974 2533 1023 2590 14,
1045 2497 1149 2589 jahrb,

15 2695 17 2744 l
71 2617 457 2779 -ffrgnisinsaezc‘ehidioeoeffi
471 2615 664 2693 Friburgensi
680 2623 927 2675 commemoratur
950 2617 979 2675 S.
993 2615 1150 2690 Richerdis

417 2879 507 2948 Dice
527 2884 622 2948 venit
640 2881 819 2948 victorine.
938 2950 941 2956 ,

337 2981 422 3035 Thes.
438 2980 460 3034 Ι.
479 2999 506 3050 p.
524 2983 581 3038 295.
617 2981 661 3035 De
680 2982 708 3036 S.
727 2981 900 3036 wenceslao.

144 3116 215 3174 Dies
238 3115 320 3172 venit
342 3113 495 3182 victoriae,
523 3187 527 3194 .
634 3187 635 3192 η
682 3111 796 3174 Glande
813 3101 943 3190 'gressus
967 3111 1150 3185 conceditur,

164 3219 203 3266 uc
227 3199 378 3274 exemplar
400 3199 521 3260 militiae
619 3197 657 3260 10
680 3197 820 3256 defuncto
842 3201 904 3256 vita
926 3197 1070 3266 redditur,

181 3287 339 3344 enceslaus
363 3283 517 3350 occiditur,
680 3283 760 3340 cedit
780 3284 907 3358 languor
934 3289 965 3340 et
988 3285 1128 3351 coecitas,

145 3373 263 3430 occisus
285 3369 370 3428 coelo
392 3367 535 3427 redditur.
678 3373 709 3426 et
730 3375 900 3428 removetur
923 3367 1062 3426 surditas.
1175 3363 1178 3368 ’

106 3491 124 3549 5
145 3491 202 3563 Qui
224 3491 295 3548 dum
316 3508 372 3565 pro
394 3489 453 3546 fide
482 3489 615 3556 moritur,
681 3489 774 3546 Annis
798 3488 893 3544 tribus
915 3491 945 3544 in
967 3487 1081 3544 tumulo

144 3578 284 3636 utiubar
307 3577 400 3651 signis
423 3575 524 3640 oritur,
680 3577 744 3631 eius
767 3575 870 3630 clauso
894 3573 1081 3647 corpusculo,

144 3681 210 3720 nam
231 3681 289 3738 per
311 3679 378 3720 eum
397 3660 534 3739 ¹pericula
619 3658 656 3716 15
681 3661 793 3720 sanitas
817 3658 904 3718 adest
924 3659 1094 3726 vulnerum,

145 3749 250 3824 procul
271 3749 346 3806 flunt
369 3751 399 3804 et
420 3745 548 3804 vincula.
684 3751 715 3804 et
736 3745 834 3802 foetor
856 3744 943 3802 abest
964 3745 1110 3802 funerum.

386 3865 523 3926 Trinitati
547 3866 586 3922 sit
608 3865 713 3940 glorie,

386 3969 441 4028 per
464 3953 549 4007 cuius
570 3951 717 4007 beneficia

385 4037 581 4096 Wenceslaus
603 4038 633 4094 in
655 4035 774 4110 populis
857 4033 863 4044 '

316 4123 357 4184 20
380 4125 471 4180 tantis
493 4123 590 4200 fulget
611 4122 770 4204 miraculis.

166 4243 204 4304 Et
225 4248 333 4308 amna
351 4241 452 4304 aetate
474 4245 505 4301 in
527 4241 752 4302 Archidioecesi
773 4241 921 4319 Pregeusi
950 4241 1000 4304 hic
1021 4239 1150 4325 tymeus

15 4383 17 4398 ,
90 4329 198 4388 canitur
218 4328 409 4398 inhonorem
425 4329 460 4390 .S.
480 4328 658 4396 Wenceslai,
682 4333 716 4386 ut
738 4328 829 4390 alius:
853 4328 938 4388 Dum
960 4325 1150 4386 matutinis
