2788 5024
138 615 167 672 l.
191 613 235 670 Ibi
257 630 336 670 nuno
360 631 427 670 cum
451 613 562 670 sanctis
591 611 704 670 civibus
727 630 800 671 oras
822 613 968 688 augelis,v

137 701 165 758 5.
189 697 322 776 Quorum
335 704 509 756 ,conventus
531 703 625 755 temet
647 699 781 773 suscepit
803 715 911 773 magno
935 716 1002 755 cum
1024 695 1144 772 gaudio,
1181 701 1185 706 '

136 784 165 844 t.
188 783 307 842 Poenas
330 783 499 859 spernendo
522 783 624 842 mundi
645 799 784 843 mansura
807 789 892 842 tenes
914 799 1008 860 regna
1030 783 1100 857 poli.

27 945 34 950 .
137 868 165 928 7.
189 868 280 945 Apud
303 875 459 930 aeternum
481 872 600 937 nosmet
619 868 795 928 commenda
809 870 904 928 Deum
927 871 1012 926 cuius
1035 868 1072 925 ob
1095 867 1186 928 fidem

271 954 415 1012 certando
437 973 535 1032 usque
559 953 598 1012 ad
619 961 754 1022 mortem,

137 1041 166 1099 8.
190 1041 298 1182 Aulargr
321 1041 403 1184 effli'
427 1059 517 1120 quarn
539 1043 582 1098 sio
605 1043 776 1123 acquisisti,
799 1040 885 1098 nobis
907 1041 1034 1110 tribuat,
1059 1057 1113 1114 spe
1138 1057 1187 1097 sn-

52 1263 57 1268 .
137 1213 165 1271 a.
189 1210 255 1281 Quo
281 1144 475 1270 saehdmuslaeti
514 1212 703 1287 gratulantur
726 1214 838 1298 sancti,
877 1179 964 1268 ditati
1002 1211 1087 1268 donis
1110 1213 1189 1270 ultae

120 1383 167 1441 10.
189 1313 438 1450 'Pestildeddhindtse
475 1384 545 1441 iuva
567 1371 621 1458 pro
653 1383 773 1440 cnmine
804 1350 895 1464 atque
917 1399 972 1458 pro
995 1387 1098 1439 nostra
1119 1397 1188 1456 ,pre-

98 1506 101 1510 -
272 1483 340 1526 care
363 1470 458 1535 venia,
1022 1467 1027 1473 “

120 1555 168 1612 11.
189 1553 230 1611 Ut
252 1552 334 1629 digni
355 1555 505 1630 possimus
527 1553 591 1611 fore
613 1571 687 1630 rege
710 1553 838 1611 Christo.

201 1673 364 1748 Explorare
401 1674 471 1732 mihi
508 1675 634 1749 contigIt
670 1675 845 1748 sequentiae
882 1673 1001 1730 titulum
1035 1673 1187 1730 Graeca.

118 1758 225 1834 Itaque
263 1762 399 1835 sequitur
436 1761 624 1834 sequentiam
659 1759 833 1832 paschalem
862 1757 959 1832 Agni
994 1757 1188 1832 paschalis

119 1861 193 1902 esu.
224 1843 315 1901 Thes.
340 1846 376 1902 II.
407 1863 436 1918 p.
462 1845 509 1902 14.
559 1845 582 1901 1.
605 1844 665 1901 Μο.
691 1835 806 1901 ‘Besser
827 1849 906 1899 maire
933 1843 1085 1900 colimus
1115 1843 1186 1899 oder
1214 1909 1218 1918 ι

119 1929 285 1986 colamus.
307 1931 408 1986 Bletor
432 1930 485 1986 das
507 1929 638 2004 Partica'p
665 1929 775 1996 slehen,
806 1947 839 1985 so
867 1929 937 2002 qelrt
958 1929 1010 1984 der
1033 1928 1102 1985 Sota
1125 1937 1189 1986 erat

118 2017 170 2070 mit
191 2015 229 2071 15
252 2013 320 2081 (Str.
343 2011 384 2080 7.)
405 2017 475 2087 sort.
501 2015 528 2072 3.
554 2013 625 2072 Cod.
648 2016 753 2070 morti
776 2029 843 2088 que
864 2041 908 2051 -
929 2019 1058 2070 terrea.
1082 2013 1111 2070 7.
1126 2013 1186 2074 Mo.

118 2115 173 2172 pro
189 2099 301 2158 Deum
325 2101 445 2174 scripsit
467 2101 657 2158 Dominum.
681 2100 811 2156 „Deum
824 2117 921 2173 gegen
935 2098 988 2155 das
1002 2099 1189 2158 Versmaas.“

118 2185 157 2240 At
178 2185 329 2260 ignoravit
351 2187 383 2243 V.
408 2185 442 2242 D.
467 2187 605 2242 carminis
628 2181 755 2242 titulum.
781 2185 1098 2260 StrophaSequentiae
1120 2203 1188 2241 nor·

119 2273 247 2329 natiuae
261 2272 389 2346 septima
405 2271 497 2328 XXII.
515 2271 699 2346 syllabarum
715 2276 769 2329 est.
799 2270 830 2328 Si
853 2271 989 2344 legamus
1012 2270 1190 2328 domiuum

119 2353 200 2414 XXV
230 2359 454 2432 conspiciuntur
483 2357 626 2432 syllabae.
679 2358 790 2417 Contra
819 2373 879 2416 una
907 2362 955 2414 est
985 2355 1188 2430 exstirpanda:

119 2441 247 2502 sortasse
270 2442 431 2518 legendum
453 2461 519 2500 nos
543 2441 763 2500 commenda.
793 2443 821 2500 8.
844 2443 904 2498 Mo.
928 2443 1008 2499 Naclz
1023 2441 1084 2499 dein
1107 2443 1190 2500 Vers-

119 2545 195 2584 mass
209 2529 308 2586 barser
330 2529 533 2585 coelestem
555 2529 625 2586 oder
639 2529 680 2586 23
696 2525 766 2600 (Str.
782 2525 812 2594 9)
828 2529 957 2584 Istcine
973 2528 1059 2601 Sylbe
1073 2545 1109 2584 za
1124 2529 1188 2585 viel.

109 2611 240 2669 'Minime
269 2631 340 2670 vero
371 2619 539 2688 congrth
569 2615 712 2689 strophae
740 2631 807 2670 cum
837 2615 994 2688 sequentia
1015 2615 1189 2682 normanna,

121 2699 204 2754 cuius
221 2703 272 2756 etr.
288 2699 317 2756 8.
332 2698 417 2755 XXII
432 2699 623 2773 syllabarum,
646 2717 725 2758 nona
739 2699 831 2756 habet
845 2699 922 2757 XXI.

205 2867 276 2928 682.
317 2858 571 2943 [Adestnoon
603 2859 678 2924 dice
707 2860 800 2927 almo
837 2864 871 2926 el
898 2845 1024 2944 moqed
1057 2861 1189 2945 qaadIo

117 2944 235 3032 plena.
279 2954 609 3028 DeunoMartyre.
654 2955 776 3012 Neale
800 2955 868 3030 Seq.
898 2974 926 3030 p.
949 2955 1189 3015 225eMissali

57 3109 60 3114 1
120 3039 305 3124 Nidrosiensi
330 3040 420 3100 1519.

85 3201 89 3210 ,
143 3161 170 3220 1.
192 3159 292 3218 Adest
313 3161 399 3220 nobis
423 3159 487 3216 dies
510 3160 589 3218 alme
610 3164 642 3216 et
661 3177 772 3235 magno
796 3159 906 3234 gaudio
928 3161 1028 3236 plena,
1107 3147 1110 3156 ¹

141 3245 169 3302 2.
193 3244 228 3300 In
250 3261 310 3319 qua
332 3250 438 3302 sancte
459 3245 522 3304 Deo
546 3250 633 3320 grata
656 3245 826 3319 congaudet
847 3247 995 3305 Ecclesia.

142 3328 170 3386 3.
194 3327 291 3384 Hodie
313 3331 454 3386 coelestis
477 3330 565 3385 turba
585 3331 732 3398 laetatur,
762 3349 840 3406 quae
870 3333 995 3406 glomum
1030 3335 1133 3386 cantat
1160 3331 1191 3386 in

274 3415 400 3471 excelsis
423 3430 497 3472 voce
521 3411 678 3471 dulcisona
701 3433 768 3471 cum
792 3415 986 3490 symphonia:

141 3498 170 3556 4.
194 3497 291 3558 Hodie
315 3499 450 3574 §olorum
487 3505 592 3558 sancta
613 3502 732 3574 agmma
762 3500 932 3558 collaudant
959 3499 1073 3576 Regem
1095 3500 1191 3556 Deum

273 3591 409 3642 nostrum
430 3588 533 3642 natum
555 3601 591 3642 ex
612 3585 734 3660 Virgine
757 3591 860 3644 saneta
881 3587 987 3642 Maria.

140 3671 169 3729 o.
192 3669 257 3728 Ave
279 3671 391 3745 Inclyte
413 3675 528 3744 martyr
549 3670 670 3739 Christi,
692 3671 739 3739 N„
762 3671 819 3728 llos
841 3672 1050 3745 pulcherrime,

141 3755 169 3815 o.
191 3755 238 3812 'Iu
259 3759 389 3831 vestigia
405 3756 516 3813 Christi
540 3761 662 3814 secutus
685 3773 718 3813 es
740 3763 840 3814 mente
863 3756 987 3816 devote:

141 3841 170 3901 7.
193 3841 320 3900 Aeterni
341 3844 422 3918 regis
447 3839 576 3916 adeptus
601 3859 633 3898 es
658 3859 758 3918 regna.

141 3927 169 3985 8.
190 3927 254 4004 Iam
276 3929 490 4004 gratulantem
513 3925 600 3984 domo
624 3945 754 4002 superna
775 3927 935 4004 possidens
959 3927 1048 3986 sedes
1072 3927 1197 3998 almae„

142 4011 171 4070 9.
196 4011 240 4070 Te
262 4015 450 4088 postulamus
474 4017 505 4070 et
526 4015 678 4088 poscimus
701 4031 769 4075 una.

124 4096 171 4156 10.
196 4097 316 4172 Adjuva
338 4105 390 4164 tuo
413 4103 519 4156 sancto
543 4099 685 4174 suffragio
707 4100 843 4175 fragilem
864 4101 956 4159 vitam
977 4103 1124 4160 nostram:
1223 4123 1226 4129 ⁴

124 4183 170 4240 11.
196 4181 344 4254 Obeate,
368 4204 385 4242 o
409 4190 516 4246 sancte.
534 4184 582 4252 Ν..
605 4203 660 4260 pro
683 4186 768 4244 nobis
793 4186 938 4260 supplica,

125 4266 171 4324 12.
194 4267 234 4324 Ut
255 4287 316 4329 una
337 4288 503 4328 mereamur
525 4275 631 4331 sancta
655 4271 798 4330 coelorum
820 4273 934 4346 templa

124 4351 171 4412 13.
193 4351 363 4432 Po‘esidere,
386 4356 457 4416 laeti
479 4361 636 4416 cernentes
670 4361 679 4372 ”
731 4425 734 4432 ,

147 4433 506 4530 'panienrmenyman
931 4449 965 4508 22
1003 4487 1006 4494 .
