2822 5026
226 636 230 646 .
298 590 441 669 Magnes
456 590 712 660 translationum
726 604 894 662 numerus,
918 588 1065 667 quipoet
1080 590 1289 662 Thesaurum
1404 585 1406 588 ’

214 695 251 758 iu
272 694 382 759 iucem
403 695 503 766 venit
526 693 725 760 mcumento
748 698 807 766 est
830 691 977 758 studium
998 695 1150 757 veterum
1165 691 1290 764 osuii&
1405 763 1406 766 ,

216 814 297 859 num
320 795 621 862 ecclesiasticarum
636 796 841 866 incrementa
855 809 982 872 capere.
1018 795 1111 870 Quae
1134 809 1233 868 curae
1249 808 1290 866 eo

80 933 84 936 ·
186 985 188 990 ,
214 899 324 976 magis
348 901 528 974 exoptatae,
546 899 644 962 nobis
666 902 888 970 accesserunt,
912 897 1000 974 quod
1022 897 1147 973 passim
1164 896 1289 970 accita·

214 1005 329 1074 menta
351 1005 385 1060 et
406 1001 644 1078 explicationes
665 1001 798 1063 oblatae
820 1003 912 1071 sunt,
935 999 1083 1072 velutin
1105 1000 1135 1060 b.
1158 998 1290 1062 Sehlos·

215 1103 281 1167 seri
305 1102 441 1178 egregio
463 1103 547 1165 iiiero
569 1103 693 1164 factum
717 1117 793 1164 esse
814 1102 966 1167 vidimus.
1009 1101 1058 1165 Ex
1079 1102 1143 1160 hoc
1166 1115 1289 1178 genere

215 1220 455 1270 memoramus:
478 1205 691 1272 Lateinisohe
706 1205 862 1278 Hymnen
886 1203 954 1267 umi
970 1201 1290 1280 accingeremur

215 1311 313 1371 unter
333 1306 580 1383 Beibehaltuug
603 1307 661 1372 der
682 1307 889 1379 Versmassa
925 1306 988 1368 mit
1018 1304 1290 1382 beigedrucktem

213 1409 448 1474 lateinischem
465 1410 610 1482 Urtexte,
625 1426 690 1470 von
707 1408 743 1472 G.
756 1407 793 1470 Α.
808 1407 1061 1484 Kiinipsfeld.
1087 1409 1182 1471 Bonn
1195 1398 1290 1469 1846.

214 1539 256 1552 -·-
270 1511 386 1572 Lauda
399 1509 497 1586 Syorr
513 1511 751 1574 aitchristiiehe
766 1510 1016 1573 Kircheniieder
1030 1510 1099 1573 ono
1113 1509 1289 1586 geistiiche

215 1611 386 1686 Gedichts,
408 1613 584 1675 lateinisch
599 1615 667 1676 und
680 1613 827 1685 deutsch,
849 1629 915 1672 von
930 1613 968 1673 Κ.
991 1611 1181 1674 Simroclr.
1208 1610 1291 1673 culn

214 1706 308 1776 iaie.
344 1745 387 1756 -
420 1716 482 1776 Die
504 1715 626 1782 Kirche
662 1716 697 1774 in
730 1715 825 1776 ihren
860 1714 1010 1789 Licham,
1042 1729 1108 1777 von
1129 1714 1152 1776 i.
1174 1715 1225 1773 Fr.
1247 1713 1288 1775 E

214 1814 439 1879 Schlosser.
467 1819 578 1881 Mainz
602 1809 693 1878 1851.
715 1809 765 1880 52.
787 1811 809 1880 2
829 1817 907 1879 Bde.
942 1847 985 1856 -—
1019 1817 1055 1878 G.
1078 1817 1122 1876 M.
1144 1815 1290 1900 Pacht·

214 1915 282 1978 ier.
325 1919 387 1980 Die
403 1921 560 1996 Hpmnen
583 1919 640 1980 der
663 1919 895 1981 hatholischen
917 1919 1046 1991 Kirche,
1067 1909 1289 1988 Mainz1853t

213 2049 256 2062 -·
278 2021 451 2083 Kauffer.
495 2022 776 2096 iesus-Hymnen.
820 2020 1017 2098 Sammlung
1046 2019 1291 2091 aitkirchiioher
1334 2079 1343 2098 κ

214 2123 427 2184 lateinischer
451 2123 606 2200 Gesange
629 2124 690 2182 mit
711 2122 810 2183 freier
832 2123 1009 2182 deutscher
1030 2123 1290 2198 Uehersetzung.

214 2225 351 2302 Leipzig
361 2217 485 2298 1854.*)
498 2257 540 2266 -
553 2226 727 2288 Enumero
737 2226 992 2292 translationum
1006 2241 1073 2289 non
1087 2223 1289 2300 germanica-

213 2343 288 2401 rum
296 2344 539 2396 memoremus:
558 2329 580 2391 1.
597 2329 640 2392 Μ.
655 2328 784 2395 Neale.
818 2320 1217 2403 Medioevaiiipmneand
1231 2325 1290 2386 Se-

216 2445 369 2508 quences.
392 2431 531 2495 London
549 2424 641 2494 1851.
678 2431 834 2496 Deiectus
850 2435 902 2492 eet
923 2430 1159 2498 translatorum
1174 2429 1291 2493 carmi-

214 2549 295 2599 num
319 2533 540 2610 quadraginta
560 2535 716 2612 quinque,
729 2551 748 2596 e
764 2550 829 2612 quo
844 2549 982 2599 numero
997 2534 1135 2610 triginta
1149 2535 1292 2611 quatuor

214 2636 358 2712 primum
374 2637 505 2714 anglice
527 2638 667 2714 reddita,
679 2641 764 2698 sunt.
797 2637 891 2701 Haec
905 2636 1142 2713 Suppiementa
1156 2635 1293 2712 aliquot

212 2737 399 2814 specimina
420 2739 551 2803 illarum
564 2741 755 2803 versionum
768 2738 856 2804 felici
868 2738 1004 2814 ingenio
1018 2738 1224 2806 conditarum
1236 2753 1292 2826 eru-

214 2840 385 2906 hibebunt.
418 2841 460 2905 Et
475 2842 571 2910 nohis
587 2832 936 2920 peculiare'quodriam
960 2840 1170 2902 commodum
1192 2841 1226 2900 in
1249 2855 1291 2912 eo

215 2959 314 3020 opere
337 2943 487 3016 occurrit,
511 2960 613 3022 quum
636 2944 671 3006 in
693 2944 781 3004 notis
805 2943 947 3019 singulis
973 2943 1174 3006 carminibus
1195 2957 1292 3016 praev

216 3045 329 3109 mistis
352 3061 420 3106 non
441 3062 547 3122 pauca
569 3045 753 3107 invenerim
775 3060 853 3106 vere
876 3049 910 3104 et
931 3049 1028 3106 acute
1051 3043 1292 3114 animadversa

301 3165 344 3225 ut
366 3165 522 3243 quoniam
538 3165 587 3226 sie
608 3165 651 3225 ad
667 3168 822 3226 externos
837 3163 977 3240 populos
992 3168 1129 3223 ventum
1146 3166 1204 3235 est,
1226 3161 1292 3237 pri

215 3277 315 3328 mum
331 3268 371 3328 de
394 3267 500 3328 Gallis
523 3283 671 3344 agemus,
693 3267 780 3326 inter
803 3282 885 3344 quos
908 3267 1016 3326 alacre
1030 3268 1181 3352 veterum
1196 3265 1292 3338 hym-

215 3385 335 3431 norum
349 3369 497 3430 studium
509 3369 645 3442 habitat,
669 3369 721 3429 cui
745 3383 809 3446 ego
825 3369 979 3428 eximiam
1001 3367 1106 3427 debeo
1122 3367 1211 3427 iiiam
1233 3366 1292 3426 be·
1374 3355 1379 3362 ’

216 3473 448 3546 nevoientiam
472 3491 537 3550 qua
560 3477 593 3532 et
607 3473 799 3532 Thesaurus
822 3474 977 3546 exceptus
995 3471 1095 3530 estin
1117 3469 1293 3529 Fortunati

216 3579 252 3635 et
272 3575 392 3635 Adami
416 3575 457 3634 de
480 3574 509 3635 S.
527 3574 661 3634 Victore
683 3574 797 3650 patria,
818 3565 855 3631 'et
875 3573 949 3648 plus
972 3589 1039 3635 una
1061 3571 1218 3631 salutatio
1240 3581 1317 3635 ree·

216 3693 356 3755 rumque
379 3676 464 3746 scitu
487 3676 664 3752 dignarum
686 3674 941 3734 communicatio
974 3671 1051 3732 inde
1080 3673 1185 3732 amice
1208 3673 1295 3734 mihi

216 3779 422 3838 transmissa.
460 3778 509 3836 Ex
524 3777 679 3852 operibus
696 3777 825 3853 gaiiicis
840 3774 1002 3851 imprimis
1018 3775 1108 3834 utiiis
1124 3773 1186 3834 fuit
1207 3775 1295 3836 iiber

218 3880 289 3939 Viri
308 3880 503 3940 ¹Doctissimi
524 3878 775 3940 Edelestand
799 3879 847 3938 du
869 3876 997 3950 Merih
1020 3877 1073 3936 oui
1095 3877 1295 3952 inscriptum

216 3979 737 4058 eet÷PoeeiesPopu1aires
760 3977 1295 4041 Latinesanierieuresau

220 4110 423 4122 ut-n-n-e-u-——u—-a

284 4177 306 4242 'i
325 4176 512 4233 collectiones
525 4179 592 4243 poet
611 4176 786 4233 Thesaurum
805 4175 909 4231 editas:
929 4175 1063 4236 Auewahl
1077 4175 1128 4228 der
1138 4176 1295 4236 echunsten

239 4245 384 4297 eisthchen
410 4243 515 4300 Lieder
545 4244 650 4296 titerer
676 4245 737 4296 Zeit
760 4244 788 4296 in
811 4245 891 4295 ihren
915 4245 1073 4312 originaien
1096 4244 1293 4311 Sangweisen.

247 4314 356 4366 imchen
375 4313 448 4364 isia.
465 4313 507 4364 ts.
526 4313 543 4367 2
561 4310 639 4364 Thio.
657 4341 691 4350 —
708 4311 813 4364 Lieder
832 4311 883 4363 der
900 4311 1017 4374 Kirche,
1043 4309 1178 4364 deutsche
1197 4311 1294 4366 Nach-

217 4381 371 4450 bildungen
384 4379 605 4434 altlateinischer
618 4378 774 4449 Originaie.
794 4379 994 4433 Schahhauscn
1010 4381 1083 4443 1846,
1099 4395 1155 4434 non
1167 4381 1291 4449 inspexi.
