<?xml version="1.0" encoding="UTF-8"?>
<!DOCTYPE html PUBLIC "-//W3C//DTD XHTML 1.0 Transitional//EN"
    "http://www.w3.org/TR/xhtml1/DTD/xhtml1-transitional.dtd">
<html xmlns="http://www.w3.org/1999/xhtml" xml:lang="en" lang="en">
 <head>
  <title>
</title>
<meta http-equiv="Content-Type" content="text/html;charset=utf-8" />
  <meta name='ocr-system' content='tesseract 3.04.00' />
  <meta name='ocr-capabilities' content='ocr_page ocr_carea ocr_par ocr_line ocrx_word'/>
</head>
<body>
  <div class='ocr_page' id='page_1' title='image "./thesaurushymnol04danigoog/thesaurushymnol04danigoog_0213.png"; bbox 0 0 2732 5026; ppageno 0'>
   <div class='ocr_carea' id='block_1_1' title="bbox 492 469 622 540">
    <p class='ocr_par' dir='ltr' id='par_1_1' title="bbox 492 469 622 540">
     <span class='ocr_line' id='line_1_1' title="bbox 492 469 622 540; baseline 0 -1"><span class='ocrx_word' id='word_1_1' title='bbox 492 505 493 508; x_wconf 36' lang='lat'>¹</span> <span class='ocrx_word' id='word_1_2' title='bbox 561 469 622 540; x_wconf 88' lang='grc'>101</span> 
     </span>
    </p>
   </div>
   <div class='ocr_carea' id='block_1_2' title="bbox 111 619 990 798">
    <p class='ocr_par' dir='ltr' id='par_1_2' title="bbox 111 619 990 798">
     <span class='ocr_line' id='line_1_2' title="bbox 111 619 990 726; baseline 0.001 -22"><span class='ocrx_word' id='word_1_3' title='bbox 111 637 113 642; x_wconf 82' lang='grc'><strong>’</strong></span> <span class='ocrx_word' id='word_1_4' title='bbox 200 637 303 705; x_wconf 75' lang='lat' dir='ltr'>Lana</span> <span class='ocrx_word' id='word_1_5' title='bbox 324 634 384 705; x_wconf 80' lang='lat' dir='ltr'>libi</span> <span class='ocrx_word' id='word_1_6' title='bbox 406 619 670 726; x_wconf 67' lang='lat' dir='ltr'>concepero</span> <span class='ocrx_word' id='word_1_7' title='bbox 693 637 825 706; x_wconf 77' lang='lat' dir='ltr'><strong><em>arbiter</em></strong></span> <span class='ocrx_word' id='word_1_8' title='bbox 847 657 990 706; x_wconf 63' lang='lat' dir='ltr'>amnne.</span> 
     </span>
     <span class='ocr_line' id='line_1_3' title="bbox 473 737 722 798; baseline 0.004 -6"><span class='ocrx_word' id='word_1_9' title='bbox 473 739 569 798; x_wconf 67' lang='lat' dir='ltr'>Des.</span> <span class='ocrx_word' id='word_1_10' title='bbox 587 737 722 793; x_wconf 81' lang='lat' dir='ltr'>Findano.</span> 
     </span>
    </p>
   </div>
   <div class='ocr_carea' id='block_1_3' title="bbox 5 849 1131 1354">
    <p class='ocr_par' dir='ltr' id='par_1_3' title="bbox 5 849 1131 1354">
     <span class='ocr_line' id='line_1_4' title="bbox 39 849 1131 927; baseline 0.005 -18"><span class='ocrx_word' id='word_1_11' title='bbox 39 868 44 876; x_wconf 84' lang='grc'><strong>’</strong></span> <span class='ocrx_word' id='word_1_12' title='bbox 116 849 208 909; x_wconf 79' lang='lat' dir='ltr'>&#39;Laus</span> <span class='ocrx_word' id='word_1_13' title='bbox 231 851 284 909; x_wconf 88' lang='lat' dir='ltr'>tibi</span> <span class='ocrx_word' id='word_1_14' title='bbox 307 849 435 920; x_wconf 77' lang='lat' dir='ltr'>Christe,</span> <span class='ocrx_word' id='word_1_15' title='bbox 662 853 757 910; x_wconf 87' lang='lat' dir='ltr'>Huius</span> <span class='ocrx_word' id='word_1_16' title='bbox 781 849 901 927; x_wconf 85' lang='lat' dir='ltr'>quidem</span> <span class='ocrx_word' id='word_1_17' title='bbox 923 853 1021 910; x_wconf 89' lang='lat' dir='ltr'>dulcia</span> <span class='ocrx_word' id='word_1_18' title='bbox 1128 907 1131 914; x_wconf 92' lang='lat'><em>.</em></span> 
     </span>
     <span class='ocr_line' id='line_1_5' title="bbox 5 897 1096 1080; baseline 0.001 -86"><span class='ocrx_word' id='word_1_19' title='bbox 5 897 12 1080; x_wconf 69' lang='grc' dir='ltr'>ῐ</span> <span class='ocrx_word' id='word_1_20' title='bbox 131 941 210 1012; x_wconf 87' lang='lat' dir='ltr'>pacis</span> <span class='ocrx_word' id='word_1_21' title='bbox 234 937 344 994; x_wconf 77' lang='lat' dir='ltr'><strong>arbiter</strong></span> <span class='ocrx_word' id='word_1_22' title='bbox 367 955 490 1006; x_wconf 88' lang='lat' dir='ltr'>summe,</span> <span class='ocrx_word' id='word_1_23' title='bbox 597 939 640 999; x_wconf 81' lang='lat'>20</span> <span class='ocrx_word' id='word_1_24' title='bbox 661 940 746 996; x_wconf 91' lang='lat' dir='ltr'>locus</span> <span class='ocrx_word' id='word_1_25' title='bbox 767 938 816 994; x_wconf 90' lang='lat' dir='ltr'>hic</span> <span class='ocrx_word' id='word_1_26' title='bbox 839 940 1027 1007; x_wconf 90' lang='lat' dir='ltr'>monimenta,</span> <span class='ocrx_word' id='word_1_27' title='bbox 1091 947 1096 954; x_wconf 91' lang='lat'><em>&#39;</em></span> 
     </span>
     <span class='ocr_line' id='line_1_6' title="bbox 131 1016 1004 1098; baseline 0 -18"><span class='ocrx_word' id='word_1_28' title='bbox 131 1041 180 1080; x_wconf 83' lang='lat' dir='ltr'>rex</span> <span class='ocrx_word' id='word_1_29' title='bbox 201 1027 342 1080; x_wconf 78' lang='lat' dir='ltr'>aeternae</span> <span class='ocrx_word' id='word_1_30' title='bbox 365 1023 565 1094; x_wconf 74' lang='lat' dir='ltr'>monarchiae,</span> <span class='ocrx_word' id='word_1_31' title='bbox 663 1025 744 1080; x_wconf 88' lang='lat' dir='ltr'>clara</span> <span class='ocrx_word' id='word_1_32' title='bbox 766 1016 850 1080; x_wconf 87' lang='lat' dir='ltr'>tenet</span> <span class='ocrx_word' id='word_1_33' title='bbox 870 1025 1004 1098; x_wconf 84' lang='lat' dir='ltr'>pignera,</span> 
     </span>
     <span class='ocr_line' id='line_1_7' title="bbox 5 1083 988 1228; baseline 0 -63"><span class='ocrx_word' id='word_1_34' title='bbox 5 1083 9 1228; x_wconf 54' lang='grc' dir='ltr'>Ι</span> <span class='ocrx_word' id='word_1_35' title='bbox 131 1127 217 1183; x_wconf 90' lang='lat' dir='ltr'>quem</span> <span class='ocrx_word' id='word_1_36' title='bbox 240 1107 349 1164; x_wconf 81' lang='lat' dir='ltr'>celebri</span> <span class='ocrx_word' id='word_1_37' title='bbox 372 1111 515 1166; x_wconf 84' lang='lat' dir='ltr'>carmine·</span> <span class='ocrx_word' id='word_1_38' title='bbox 662 1109 717 1166; x_wconf 83' lang='lat' dir='ltr'>sed</span> <span class='ocrx_word' id='word_1_39' title='bbox 737 1107 849 1184; x_wconf 85' lang='lat' dir='ltr'>ubique</span> <span class='ocrx_word' id='word_1_40' title='bbox 871 1109 988 1182; x_wconf 86' lang='lat' dir='ltr'>proflua</span> 
     </span>
     <span class='ocr_line' id='line_1_8' title="bbox 6 1193 1017 1270; baseline 0.001 -20"><span class='ocrx_word' id='word_1_41' title='bbox 6 1231 7 1234; x_wconf 17' lang='grc' dir='ltr'>η</span> <span class='ocrx_word' id='word_1_42' title='bbox 94 1193 192 1250; x_wconf 77' lang='grc'>51111</span> <span class='ocrx_word' id='word_1_43' title='bbox 213 1193 318 1250; x_wconf 90' lang='lat' dir='ltr'>iubilat</span> <span class='ocrx_word' id='word_1_44' title='bbox 339 1193 430 1250; x_wconf 87' lang='lat' dir='ltr'>hodie</span> <span class='ocrx_word' id='word_1_45' title='bbox 661 1193 789 1251; x_wconf 86' lang='lat' dir='ltr'>reddent</span> <span class='ocrx_word' id='word_1_46' title='bbox 811 1200 902 1270; x_wconf 88' lang='lat' dir='ltr'>atque</span> <span class='ocrx_word' id='word_1_47' title='bbox 926 1194 1017 1269; x_wconf 84' lang='lat' dir='ltr'>digna</span> 
     </span>
     <span class='ocr_line' id='line_1_9' title="bbox 129 1277 991 1354; baseline 0.005 -18"><span class='ocrx_word' id='word_1_48' title='bbox 129 1281 207 1350; x_wconf 83' lang='lat' dir='ltr'>laeta</span> <span class='ocrx_word' id='word_1_49' title='bbox 226 1277 316 1354; x_wconf 83' lang='lat' dir='ltr'>plebe</span> <span class='ocrx_word' id='word_1_50' title='bbox 337 1279 426 1340; x_wconf 84' lang='lat' dir='ltr'>huius</span> <span class='ocrx_word' id='word_1_51' title='bbox 448 1281 574 1348; x_wconf 84' lang='lat' dir='ltr'>insulae,</span> <span class='ocrx_word' id='word_1_52' title='bbox 661 1285 745 1342; x_wconf 86' lang='lat' dir='ltr'>tanto</span> <span class='ocrx_word' id='word_1_53' title='bbox 768 1285 855 1354; x_wconf 82' lang='lat' dir='ltr'>patre</span> <span class='ocrx_word' id='word_1_54' title='bbox 877 1282 991 1343; x_wconf 78' lang='lat' dir='ltr'>merita.</span> 
     </span>
    </p>
   </div>
   <div class='ocr_carea' id='block_1_4' title="bbox 5 1379 1218 1904">
    <p class='ocr_par' dir='ltr' id='par_1_4' title="bbox 5 1379 1218 1904">
     <span class='ocr_line' id='line_1_10' title="bbox 128 1379 1117 1468; baseline 0 -12"><span class='ocrx_word' id='word_1_55' title='bbox 128 1379 305 1456; x_wconf 76' lang='lat' dir='ltr'>Laetissima</span> <span class='ocrx_word' id='word_1_56' title='bbox 326 1399 464 1455; x_wconf 77' lang='lat' dir='ltr'>recolens</span> <span class='ocrx_word' id='word_1_57' title='bbox 564 1451 569 1456; x_wconf 90' lang='lat'>.</span> <span class='ocrx_word' id='word_1_58' title='bbox 589 1391 637 1460; x_wconf 70' lang='lat'>‘25</span> <span class='ocrx_word' id='word_1_59' title='bbox 660 1401 756 1456; x_wconf 85' lang='lat' dir='ltr'>Huius</span> <span class='ocrx_word' id='word_1_60' title='bbox 772 1399 896 1455; x_wconf 87' lang='lat' dir='ltr'>obtentu</span> <span class='ocrx_word' id='word_1_61' title='bbox 911 1405 972 1467; x_wconf 88' lang='lat' dir='ltr'>tua,</span> <span class='ocrx_word' id='word_1_62' title='bbox 989 1400 1117 1468; x_wconf 81' lang='lat' dir='ltr'>Christe,</span> 
     </span>
     <span class='ocr_line' id='line_1_11' title="bbox 5 1483 1032 1559; baseline 0 -17"><span class='ocrx_word' id='word_1_63' title='bbox 5 1535 6 1542; x_wconf 72' lang='grc'>,</span> <span class='ocrx_word' id='word_1_64' title='bbox 129 1483 249 1542; x_wconf 83' lang='lat' dir='ltr'>Findani</span> <span class='ocrx_word' id='word_1_65' title='bbox 272 1486 368 1543; x_wconf 82' lang='lat' dir='ltr'>sancti</span> <span class='ocrx_word' id='word_1_66' title='bbox 389 1486 507 1559; x_wconf 87' lang='lat' dir='ltr'>patroni</span> <span class='ocrx_word' id='word_1_67' title='bbox 663 1487 760 1559; x_wconf 81' lang='lat' dir='ltr'>gratia</span> <span class='ocrx_word' id='word_1_68' title='bbox 783 1485 868 1541; x_wconf 87' lang='lat' dir='ltr'>nobie</span> <span class='ocrx_word' id='word_1_69' title='bbox 892 1490 1032 1542; x_wconf 78' lang='lat' dir='ltr'>aeternae</span> 
     </span>
     <span class='ocr_line' id='line_1_12' title="bbox 5 1543 964 1644; baseline 0 -18"><span class='ocrx_word' id='word_1_70' title='bbox 5 1543 10 1626; x_wconf 69' lang='grc'>,1</span> <span class='ocrx_word' id='word_1_71' title='bbox 130 1569 222 1627; x_wconf 81' lang='lat' dir='ltr'>dulcio</span> <span class='ocrx_word' id='word_1_72' title='bbox 247 1569 437 1644; x_wconf 80' lang='lat' dir='ltr'>sollempnia3</span> <span class='ocrx_word' id='word_1_73' title='bbox 664 1569 715 1626; x_wconf 89' lang='lat' dir='ltr'>det</span> <span class='ocrx_word' id='word_1_74' title='bbox 736 1571 821 1644; x_wconf 86' lang='lat' dir='ltr'>pacis</span> <span class='ocrx_word' id='word_1_75' title='bbox 845 1569 964 1644; x_wconf 85' lang='lat' dir='ltr'>gandia,</span> 
     </span>
     <span class='ocr_line' id='line_1_13' title="bbox 5 1654 1054 1738; baseline -0.001 -24"><span class='ocrx_word' id='word_1_76' title='bbox 5 1691 7 1714; x_wconf 77' lang='lat' dir='ltr'>l</span> <span class='ocrx_word' id='word_1_77' title='bbox 77 1655 110 1714; x_wconf 97' lang='grc'>10</span> <span class='ocrx_word' id='word_1_78' title='bbox 130 1673 216 1731; x_wconf 87' lang='lat' dir='ltr'>quem</span> <span class='ocrx_word' id='word_1_79' title='bbox 240 1659 270 1712; x_wconf 89' lang='lat' dir='ltr'>te</span> <span class='ocrx_word' id='word_1_80' title='bbox 294 1655 370 1714; x_wconf 87' lang='lat' dir='ltr'>duce</span> <span class='ocrx_word' id='word_1_81' title='bbox 393 1655 431 1711; x_wconf 89' lang='lat' dir='ltr'>de</span> <span class='ocrx_word' id='word_1_82' title='bbox 454 1654 556 1716; x_wconf 84' lang='lat' dir='ltr'>Scotia</span> <span class='ocrx_word' id='word_1_83' title='bbox 664 1661 694 1712; x_wconf 90' lang='lat' dir='ltr'>et</span> <span class='ocrx_word' id='word_1_84' title='bbox 718 1654 882 1730; x_wconf 75' lang='lat' dir='ltr'>splendidis</span> <span class='ocrx_word' id='word_1_85' title='bbox 906 1655 1054 1738; x_wconf 73' lang='lat' dir='ltr'>condigne</span> 
     </span>
     <span class='ocr_line' id='line_1_14' title="bbox 129 1733 950 1815; baseline 0.002 -16.738"><span class='ocrx_word' id='word_1_86' title='bbox 129 1743 206 1798; x_wconf 86' lang='lat' dir='ltr'>felici</span> <span class='ocrx_word' id='word_1_87' title='bbox 228 1743 295 1798; x_wconf 81' lang='lat' dir='ltr'>sinu</span> <span class='ocrx_word' id='word_1_88' title='bbox 318 1741 472 1815; x_wconf 83' lang='lat' dir='ltr'>complexa</span> <span class='ocrx_word' id='word_1_89' title='bbox 596 1749 598 1756; x_wconf 83' lang='lat'>&#39;</span> <span class='ocrx_word' id='word_1_90' title='bbox 654 1733 792 1799; x_wconf 78' lang='lat' dir='ltr'>&#39;moribus</span> <span class='ocrx_word' id='word_1_91' title='bbox 814 1743 950 1814; x_wconf 85' lang='lat' dir='ltr'>perviam</span> 
     </span>
     <span class='ocr_line' id='line_1_15' title="bbox 5 1824 1218 1904; baseline -0.002 -20"><span class='ocrx_word' id='word_1_92' title='bbox 5 1831 7 1904; x_wconf 71' lang='grc'>1</span> <span class='ocrx_word' id='word_1_93' title='bbox 132 1831 231 1887; x_wconf 83' lang='lat' dir='ltr'>servat</span> <span class='ocrx_word' id='word_1_94' title='bbox 250 1825 416 1901; x_wconf 81' lang='lat' dir='ltr'>Renaugia,</span> <span class='ocrx_word' id='word_1_95' title='bbox 599 1826 639 1885; x_wconf 83' lang='grc'>30</span> <span class='ocrx_word' id='word_1_96' title='bbox 661 1828 737 1883; x_wconf 89' lang='lat' dir='ltr'>tanti</span> <span class='ocrx_word' id='word_1_97' title='bbox 752 1829 847 1901; x_wconf 86' lang='lat' dir='ltr'>patris</span> <span class='ocrx_word' id='word_1_98' title='bbox 863 1829 986 1902; x_wconf 79' lang='lat' dir='ltr'>assequi</span> <span class='ocrx_word' id='word_1_99' title='bbox 997 1828 1133 1889; x_wconf 87' lang='lat' dir='ltr'>semitam</span> <span class='ocrx_word' id='word_1_100' title='bbox 1215 1824 1218 1828; x_wconf 82' lang='grc'><strong>’</strong></span> 
     </span>
    </p>
   </div>
   <div class='ocr_carea' id='block_1_5' title="bbox 5 1936 1151 2458">
    <p class='ocr_par' dir='ltr' id='par_1_5' title="bbox 5 1936 1151 2458">
     <span class='ocr_line' id='line_1_16' title="bbox 5 1936 1009 2022; baseline 0.002 -22"><span class='ocrx_word' id='word_1_101' title='bbox 5 1937 7 2000; x_wconf 87' lang='grc' dir='ltr'>Ι</span> <span class='ocrx_word' id='word_1_102' title='bbox 129 1945 222 2016; x_wconf 79' lang='lat' dir='ltr'>Quam</span> <span class='ocrx_word' id='word_1_103' title='bbox 243 1947 302 2022; x_wconf 88' lang='lat' dir='ltr'>piis</span> <span class='ocrx_word' id='word_1_104' title='bbox 324 1963 402 2003; x_wconf 88' lang='lat' dir='ltr'>nunc</span> <span class='ocrx_word' id='word_1_105' title='bbox 417 1945 576 2005; x_wconf 78' lang='lat' dir='ltr'>virtutibus</span> <span class='ocrx_word' id='word_1_106' title='bbox 659 1936 813 2003; x_wconf 74' lang='lat' dir='ltr'>Sideneam</span> <span class='ocrx_word' id='word_1_107' title='bbox 834 1963 1009 2012; x_wconf 86' lang='lat' dir='ltr'>mereamur,</span> 
     </span>
     <span class='ocr_line' id='line_1_17' title="bbox 5 2007 1028 2138; baseline -0.007 -43"><span class='ocrx_word' id='word_1_108' title='bbox 5 2007 11 2138; x_wconf 53' lang='lat' dir='ltr'><strong>f</strong></span> <span class='ocrx_word' id='word_1_109' title='bbox 130 2039 158 2095; x_wconf 76' lang='grc'>11</span> <span class='ocrx_word' id='word_1_110' title='bbox 180 2035 275 2091; x_wconf 79' lang='lat' dir='ltr'>sacris</span> <span class='ocrx_word' id='word_1_111' title='bbox 297 2032 381 2093; x_wconf 82' lang='lat' dir='ltr'>fovet</span> <span class='ocrx_word' id='word_1_112' title='bbox 662 2032 777 2106; x_wconf 80' lang='lat' dir='ltr'>angelis</span> <span class='ocrx_word' id='word_1_113' title='bbox 798 2049 860 2092; x_wconf 81' lang='lat' dir='ltr'>una</span> <span class='ocrx_word' id='word_1_114' title='bbox 883 2033 946 2092; x_wconf 87' lang='lat' dir='ltr'>sine</span> <span class='ocrx_word' id='word_1_115' title='bbox 968 2033 1028 2090; x_wconf 91' lang='lat' dir='ltr'>fine</span> 
     </span>
     <span class='ocr_line' id='line_1_18' title="bbox 77 2115 980 2192; baseline 0.001 -19"><span class='ocrx_word' id='word_1_116' title='bbox 77 2117 109 2176; x_wconf 79' lang='lat'>15</span> <span class='ocrx_word' id='word_1_117' title='bbox 131 2123 160 2174; x_wconf 92' lang='lat' dir='ltr'>et</span> <span class='ocrx_word' id='word_1_118' title='bbox 179 2118 311 2181; x_wconf 81' lang='lat' dir='ltr'>illustrat</span> <span class='ocrx_word' id='word_1_119' title='bbox 333 2117 462 2188; x_wconf 76' lang='lat' dir='ltr'>ossibus,</span> <span class='ocrx_word' id='word_1_120' title='bbox 661 2115 817 2192; x_wconf 81' lang='lat' dir='ltr'>possidere</span> <span class='ocrx_word' id='word_1_121' title='bbox 839 2119 980 2192; x_wconf 61' lang='lat' dir='ltr'>patriam</span> 
     </span>
     <span class='ocr_line' id='line_1_19' title="bbox 5 2139 1090 2280; baseline 0 -20"><span class='ocrx_word' id='word_1_122' title='bbox 5 2139 8 2260; x_wconf 76' lang='grc'>1</span> <span class='ocrx_word' id='word_1_123' title='bbox 129 2201 231 2260; x_wconf 84' lang='lat' dir='ltr'>sedula</span> <span class='ocrx_word' id='word_1_124' title='bbox 248 2205 327 2261; x_wconf 82' lang='lat' dir='ltr'>votis</span> <span class='ocrx_word' id='word_1_125' title='bbox 345 2204 512 2278; x_wconf 90' lang='lat' dir='ltr'>supplicum</span> <span class='ocrx_word' id='word_1_126' title='bbox 664 2201 746 2280; x_wconf 92' lang='lat' dir='ltr'>quod</span> <span class='ocrx_word' id='word_1_127' title='bbox 767 2220 822 2277; x_wconf 89' lang='lat' dir='ltr'>per</span> <span class='ocrx_word' id='word_1_128' title='bbox 843 2209 874 2260; x_wconf 87' lang='lat' dir='ltr'>te</span> <span class='ocrx_word' id='word_1_129' title='bbox 897 2205 1031 2274; x_wconf 87' lang='lat' dir='ltr'>coelitus,</span> <span class='ocrx_word' id='word_1_130' title='bbox 1083 2227 1090 2236; x_wconf 85' lang='lat'><strong>·</strong></span> 
     </span>
     <span class='ocr_line' id='line_1_20' title="bbox 5 2277 927 2358; baseline 0 -12"><span class='ocrx_word' id='word_1_131' title='bbox 5 2277 7 2356; x_wconf 73' lang='grc' dir='ltr'>ἰ</span> <span class='ocrx_word' id='word_1_132' title='bbox 129 2289 231 2346; x_wconf 89' lang='lat' dir='ltr'>salutis</span> <span class='ocrx_word' id='word_1_133' title='bbox 255 2288 338 2346; x_wconf 90' lang='lat' dir='ltr'>dona</span> <span class='ocrx_word' id='word_1_134' title='bbox 357 2285 464 2346; x_wconf 86' lang='lat' dir='ltr'>erebra&#39;</span> <span class='ocrx_word' id='word_1_135' title='bbox 597 2288 637 2348; x_wconf 80' lang='lat'>35</span> <span class='ocrx_word' id='word_1_136' title='bbox 660 2288 791 2344; x_wconf 86' lang='lat' dir='ltr'>Findane</span> <span class='ocrx_word' id='word_1_137' title='bbox 815 2293 927 2358; x_wconf 81' lang='lat' dir='ltr'>sancte,</span> 
     </span>
     <span class='ocr_line' id='line_1_21' title="bbox 5 2353 1151 2458; baseline 0.007 -32"><span class='ocrx_word' id='word_1_138' title='bbox 5 2367 7 2426; x_wconf 74' lang='lat' dir='ltr'>l</span> <span class='ocrx_word' id='word_1_139' title='bbox 128 2373 200 2432; x_wconf 86' lang='lat' dir='ltr'>dans</span> <span class='ocrx_word' id='word_1_140' title='bbox 224 2375 378 2458; x_wconf 77' lang='lat' dir='ltr'>suffragia.</span> <span class='ocrx_word' id='word_1_141' title='bbox 595 2419 598 2428; x_wconf 92' lang='lat'>.</span> <span class='ocrx_word' id='word_1_142' title='bbox 662 2379 798 2452; x_wconf 86' lang='lat' dir='ltr'>praestet</span> <span class='ocrx_word' id='word_1_143' title='bbox 820 2375 958 2438; x_wconf 82' lang='lat' dir='ltr'>Christus</span> <span class='ocrx_word' id='word_1_144' title='bbox 985 2353 1151 2434; x_wconf 41' lang='lat' dir='ltr'>dominus*</span> 
     </span>
    </p>
   </div>
   <div class='ocr_carea' id='block_1_6' title="bbox 42 2517 1131 2764">
    <p class='ocr_par' dir='ltr' id='par_1_6' title="bbox 42 2517 1131 2764">
     <span class='ocr_line' id='line_1_22' title="bbox 145 2517 1130 2611; baseline 0.001 -25"><span class='ocrx_word' id='word_1_145' title='bbox 145 2521 401 2588; x_wconf 64' lang='lat' dir='ltr'>Marcelliani.</span> <span class='ocrx_word' id='word_1_146' title='bbox 446 2523 510 2595; x_wconf 85' lang='lat' dir='ltr'>(Hs.</span> <span class='ocrx_word' id='word_1_147' title='bbox 537 2547 574 2584; x_wconf 85' lang='lat' dir='ltr'>au</span> <span class='ocrx_word' id='word_1_148' title='bbox 588 2517 732 2611; x_wconf 57' lang='lat' dir='ltr'>*leheinau</span> <span class='ocrx_word' id='word_1_149' title='bbox 762 2545 816 2586; x_wconf 85' lang='lat' dir='ltr'>aua</span> <span class='ocrx_word' id='word_1_150' title='bbox 847 2527 914 2586; x_wconf 91' lang='lat' dir='ltr'>dem</span> <span class='ocrx_word' id='word_1_151' title='bbox 947 2531 992 2589; x_wconf 84' lang='lat'>12.</span> <span class='ocrx_word' id='word_1_152' title='bbox 1014 2528 1130 2597; x_wconf 88' lang='lat' dir='ltr'>Jahrb.)</span> 
     </span>
     <span class='ocr_line' id='line_1_23' title="bbox 70 2611 1131 2690; baseline 0.005 -21"><span class='ocrx_word' id='word_1_153' title='bbox 70 2611 100 2669; x_wconf 91' lang='lat' dir='ltr'>In</span> <span class='ocrx_word' id='word_1_154' title='bbox 114 2613 219 2672; x_wconf 88' lang='lat' dir='ltr'>Codice</span> <span class='ocrx_word' id='word_1_155' title='bbox 240 2615 443 2676; x_wconf 86' lang='lat' dir='ltr'>Rhenoviensi</span> <span class='ocrx_word' id='word_1_156' title='bbox 463 2615 518 2674; x_wconf 93' lang='lat' dir='ltr'>No.</span> <span class='ocrx_word' id='word_1_157' title='bbox 540 2614 583 2674; x_wconf 78' lang='lat'>74</span> <span class='ocrx_word' id='word_1_158' title='bbox 604 2631 646 2670; x_wconf 84' lang='lat' dir='ltr'>ec.</span> <span class='ocrx_word' id='word_1_159' title='bbox 668 2613 718 2676; x_wconf 82' lang='lat' dir='ltr'>XI.</span> <span class='ocrx_word' id='word_1_160' title='bbox 740 2615 816 2674; x_wconf 83' lang='lat' dir='ltr'>alius</span> <span class='ocrx_word' id='word_1_161' title='bbox 839 2620 922 2676; x_wconf 73' lang='lat' dir='ltr'>extat</span> <span class='ocrx_word' id='word_1_162' title='bbox 941 2615 1070 2690; x_wconf 86' lang='lat' dir='ltr'>hymnus</span> <span class='ocrx_word' id='word_1_163' title='bbox 1094 2616 1131 2675; x_wconf 86' lang='lat' dir='ltr'>de</span> 
     </span>
     <span class='ocr_line' id='line_1_24' title="bbox 42 2698 1131 2764; baseline 0.006 -10"><span class='ocrx_word' id='word_1_164' title='bbox 42 2698 261 2758; x_wconf 84' lang='lat' dir='ltr'>.S.Findano:</span> <span class='ocrx_word' id='word_1_165' title='bbox 305 2701 368 2764; x_wconf 76' lang='lat' dir='ltr'>Eia</span> <span class='ocrx_word' id='word_1_166' title='bbox 396 2717 488 2760; x_wconf 88' lang='lat' dir='ltr'>nunc</span> <span class='ocrx_word' id='word_1_167' title='bbox 519 2702 610 2762; x_wconf 86' lang='lat' dir='ltr'>socii</span> <span class='ocrx_word' id='word_1_168' title='bbox 640 2701 776 2764; x_wconf 80' lang='lat' dir='ltr'>iratres</span> <span class='ocrx_word' id='word_1_169' title='bbox 800 2705 834 2762; x_wconf 85' lang='lat' dir='ltr'>et</span> <span class='ocrx_word' id='word_1_170' title='bbox 857 2699 998 2760; x_wconf 86' lang='lat' dir='ltr'>domini.</span> <span class='ocrx_word' id='word_1_171' title='bbox 1041 2703 1131 2761; x_wconf 88' lang='lat' dir='ltr'>Mone</span> 
     </span>
    </p>
   </div>
   <div class='ocr_carea' id='block_1_7' title="bbox 69 2785 181 2886">
    <p class='ocr_par' dir='ltr' id='par_1_7' title="bbox 69 2785 181 2886">
     <span class='ocr_line' id='line_1_25' title="bbox 69 2785 181 2886; baseline 0.009 -42"><span class='ocrx_word' id='word_1_172' title='bbox 69 2802 95 2860; x_wconf 88' lang='lat' dir='ltr'>p.</span> <span class='ocrx_word' id='word_1_173' title='bbox 116 2785 181 2886; x_wconf 86' lang='grc'>300.</span> 
     </span>
    </p>
   </div>
   <div class='ocr_carea' id='block_1_8' title="bbox 497 2865 700 2878">
    <p class='ocr_par' dir='ltr' id='par_1_8' title="bbox 497 2865 700 2878">
     <span class='ocr_line' id='line_1_26' title="bbox 497 2865 700 2878; baseline 0 -5"><span class='ocrx_word' id='word_1_174' title='bbox 497 2865 700 2878; x_wconf 71' lang='grc'>-,.-.-......-..</span> 
     </span>
    </p>
   </div>
   <div class='ocr_carea' id='block_1_9' title="bbox 5 2481 8 2972">
    <p class='ocr_par' dir='ltr' id='par_1_9' title="bbox 5 2481 8 2982">
     <span class='ocr_line' id='line_1_27' title="bbox 5 2481 8 2566; baseline 0 0"><span class='ocrx_word' id='word_1_175' title='bbox 5 2481 8 2566; x_wconf 78' lang='lat' dir='ltr'>l</span> 
     </span>
     <span class='ocr_line' id='line_1_28' title="bbox 5 2851 8 2972; baseline 0 0"><span class='ocrx_word' id='word_1_176' title='bbox 5 2851 8 2972; x_wconf 85' lang='lat' dir='ltr'>l</span> 
     </span>
    </p>
   </div>
   <div class='ocr_carea' id='block_1_10' title="bbox 332 2979 866 3152">
    <p class='ocr_par' dir='ltr' id='par_1_10' title="bbox 332 2955 866 3152">
     <span class='ocr_line' id='line_1_29' title="bbox 332 2979 866 3070; baseline -0.011 -16"><span class='ocrx_word' id='word_1_177' title='bbox 332 2979 422 3054; x_wconf 78' lang='lat' dir='ltr'>Orto</span> <span class='ocrx_word' id='word_1_178' title='bbox 441 2981 574 3053; x_wconf 77' lang='lat' dir='ltr'>Phoebi</span> <span class='ocrx_word' id='word_1_179' title='bbox 602 2981 672 3062; x_wconf 79' lang='lat' dir='ltr'>iam</span> <span class='ocrx_word' id='word_1_180' title='bbox 691 2983 866 3070; x_wconf 65' lang='lat' dir='ltr'>promoto.</span> 
     </span>
     <span class='ocr_line' id='line_1_30' title="bbox 402 3082 775 3152; baseline -0.011 -10"><span class='ocrx_word' id='word_1_181' title='bbox 402 3082 451 3142; x_wconf 75' lang='lat' dir='ltr'>&#39;Iu</span> <span class='ocrx_word' id='word_1_182' title='bbox 467 3083 549 3140; x_wconf 72' lang='lat' dir='ltr'>sestis</span> <span class='ocrx_word' id='word_1_183' title='bbox 566 3084 775 3152; x_wconf 61' lang='lat' dir='ltr'>Apostolorum„</span> 
     </span>
    </p>
   </div>
   <div class='ocr_carea' id='block_1_11' title="bbox 126 3185 1122 3528">
    <p class='ocr_par' dir='ltr' id='par_1_11' title="bbox 126 3185 1122 3528">
     <span class='ocr_line' id='line_1_31' title="bbox 128 3185 1018 3271; baseline 0 -17"><span class='ocrx_word' id='word_1_184' title='bbox 128 3196 201 3256; x_wconf 87' lang='lat' dir='ltr'>Ortu</span> <span class='ocrx_word' id='word_1_185' title='bbox 222 3195 340 3254; x_wconf 85' lang='lat' dir='ltr'>Phoebi</span> <span class='ocrx_word' id='word_1_186' title='bbox 361 3197 420 3253; x_wconf 89' lang='lat' dir='ltr'>iam</span> <span class='ocrx_word' id='word_1_187' title='bbox 441 3199 574 3271; x_wconf 75' lang='lat' dir='ltr'>proximo</span> <span class='ocrx_word' id='word_1_188' title='bbox 619 3185 638 3256; x_wconf 81' lang='grc'>5</span> <span class='ocrx_word' id='word_1_189' title='bbox 663 3197 728 3268; x_wconf 82' lang='lat' dir='ltr'>Quo</span> <span class='ocrx_word' id='word_1_190' title='bbox 750 3213 918 3254; x_wconf 84' lang='lat' dir='ltr'>mereamur</span> <span class='ocrx_word' id='word_1_191' title='bbox 940 3197 1018 3254; x_wconf 88' lang='lat' dir='ltr'>effici</span> 
     </span>
     <span class='ocr_line' id='line_1_32' title="bbox 126 3275 1111 3358; baseline 0.001 -20"><span class='ocrx_word' id='word_1_192' title='bbox 126 3282 267 3358; x_wconf 84' lang='lat' dir='ltr'>hymnum</span> <span class='ocrx_word' id='word_1_193' title='bbox 290 3282 422 3339; x_wconf 87' lang='lat' dir='ltr'>dieamus</span> <span class='ocrx_word' id='word_1_194' title='bbox 444 3283 579 3352; x_wconf 89' lang='lat' dir='ltr'>Domino,</span> <span class='ocrx_word' id='word_1_195' title='bbox 661 3275 779 3357; x_wconf 78' lang='lat' dir='ltr'>semper</span> <span class='ocrx_word' id='word_1_196' title='bbox 800 3284 906 3340; x_wconf 87' lang='lat' dir='ltr'>horum</span> <span class='ocrx_word' id='word_1_197' title='bbox 927 3283 1111 3358; x_wconf 83' lang='lat' dir='ltr'>pedissequi,</span> 
     </span>
     <span class='ocr_line' id='line_1_33' title="bbox 128 3361 1122 3444; baseline -0.003 -19"><span class='ocrx_word' id='word_1_198' title='bbox 128 3369 271 3444; x_wconf 82' lang='lat' dir='ltr'>apostolis</span> <span class='ocrx_word' id='word_1_199' title='bbox 295 3367 483 3430; x_wconf 82' lang='lat' dir='ltr'>condebitam</span> <span class='ocrx_word' id='word_1_200' title='bbox 620 3375 622 3382; x_wconf 88' lang='lat'>&#39;</span> <span class='ocrx_word' id='word_1_201' title='bbox 661 3373 837 3442; x_wconf 81' lang='lat' dir='ltr'>spernentes</span> <span class='ocrx_word' id='word_1_202' title='bbox 859 3369 1039 3435; x_wconf 84' lang='lat' dir='ltr'>transitoria,</span> <span class='ocrx_word' id='word_1_203' title='bbox 1120 3361 1122 3366; x_wconf 81' lang='grc'><strong>’</strong></span> 
     </span>
     <span class='ocr_line' id='line_1_34' title="bbox 128 3453 1053 3528; baseline -0.001 -19"><span class='ocrx_word' id='word_1_204' title='bbox 128 3454 256 3512; x_wconf 86' lang='lat' dir='ltr'>ferentes</span> <span class='ocrx_word' id='word_1_205' title='bbox 278 3455 486 3514; x_wconf 81' lang='lat' dir='ltr'>reverentiam.</span> <span class='ocrx_word' id='word_1_206' title='bbox 561 3457 567 3466; x_wconf 69' lang='grc'><em>“</em></span> <span class='ocrx_word' id='word_1_207' title='bbox 661 3453 819 3515; x_wconf 83' lang='lat' dir='ltr'>tendentes</span> <span class='ocrx_word' id='word_1_208' title='bbox 843 3453 882 3513; x_wconf 91' lang='lat' dir='ltr'>ad</span> <span class='ocrx_word' id='word_1_209' title='bbox 903 3455 1053 3528; x_wconf 84' lang='lat' dir='ltr'>perennia.</span> 
     </span>
    </p>
   </div>
   <div class='ocr_carea' id='block_1_12' title="bbox 270 3573 922 3918">
    <p class='ocr_par' dir='ltr' id='par_1_12' title="bbox 350 3573 840 3642">
     <span class='ocr_line' id='line_1_35' title="bbox 350 3573 840 3642; baseline 0 -13"><span class='ocrx_word' id='word_1_210' title='bbox 350 3573 443 3630; x_wconf 82' lang='lat' dir='ltr'>ludex</span> <span class='ocrx_word' id='word_1_211' title='bbox 466 3573 603 3630; x_wconf 83' lang='lat' dir='ltr'>Christus</span> <span class='ocrx_word' id='word_1_212' title='bbox 627 3575 840 3642; x_wconf 80' lang='lat' dir='ltr'>cumvenerit,</span> 
     </span>
    </p>

    <p class='ocr_par' dir='ltr' id='par_1_13' title="bbox 289 3659 922 3820">
     <span class='ocr_line' id='line_1_36' title="bbox 289 3659 922 3750; baseline -0.006 -34"><span class='ocrx_word' id='word_1_213' title='bbox 289 3659 328 3718; x_wconf 93' lang='grc'>10</span> <span class='ocrx_word' id='word_1_214' title='bbox 349 3659 461 3716; x_wconf 85' lang='lat' dir='ltr'>referre</span> <span class='ocrx_word' id='word_1_215' title='bbox 484 3661 599 3716; x_wconf 82' lang='lat' dir='ltr'>cunctis</span> <span class='ocrx_word' id='word_1_216' title='bbox 621 3660 752 3733; x_wconf 83' lang='lat' dir='ltr'>propria,</span> <span class='ocrx_word' id='word_1_217' title='bbox 805 3725 808 3735; x_wconf 32' lang='grc' dir='ltr'><strong><em>Ι</em></strong></span> <span class='ocrx_word' id='word_1_218' title='bbox 873 3723 881 3750; x_wconf 34' lang='grc' dir='ltr'><em>θ</em></span> <span class='ocrx_word' id='word_1_219' title='bbox 921 3699 922 3702; x_wconf 63' lang='lat'>,</span> 
     </span>
     <span class='ocr_line' id='line_1_37' title="bbox 349 3743 780 3820; baseline 0.002 -19"><span class='ocrx_word' id='word_1_220' title='bbox 349 3750 423 3808; x_wconf 82' lang='lat' dir='ltr'>tunc</span> <span class='ocrx_word' id='word_1_221' title='bbox 442 3743 528 3804; x_wconf 81' lang='lat' dir='ltr'>nubis</span> <span class='ocrx_word' id='word_1_222' title='bbox 550 3762 609 3804; x_wconf 88' lang='lat' dir='ltr'>non</span> <span class='ocrx_word' id='word_1_223' title='bbox 632 3745 780 3820; x_wconf 80' lang='lat' dir='ltr'>supplicia</span> 
     </span>
    </p>

    <p class='ocr_par' dir='ltr' id='par_1_14' title="bbox 270 3829 807 3918">
     <span class='ocr_line' id='line_1_38' title="bbox 270 3829 807 3918; baseline -0.006 -27"><span class='ocrx_word' id='word_1_224' title='bbox 270 3907 275 3918; x_wconf 18' lang='grc' dir='ltr'><em>Ι</em></span> <span class='ocrx_word' id='word_1_225' title='bbox 349 3832 535 3914; x_wconf 83' lang='lat' dir='ltr'>proveniant,</span> <span class='ocrx_word' id='word_1_226' title='bbox 556 3829 614 3904; x_wconf 75' lang='lat' dir='ltr'>sed</span> <span class='ocrx_word' id='word_1_227' title='bbox 635 3833 777 3906; x_wconf 86' lang='lat' dir='ltr'>praemia.</span> <span class='ocrx_word' id='word_1_228' title='bbox 806 3891 807 3901; x_wconf 54' lang='lat'>,</span> 
     </span>
    </p>
   </div>
   <div class='ocr_carea' id='block_1_13' title="bbox 350 3947 1029 4025">
    <p class='ocr_par' dir='ltr' id='par_1_15' title="bbox 350 3947 1029 4025">
     <span class='ocr_line' id='line_1_39' title="bbox 350 3947 1029 4025; baseline 0.001 -19"><span class='ocrx_word' id='word_1_229' title='bbox 350 3947 434 4007; x_wconf 84' lang='lat' dir='ltr'>Haec</span> <span class='ocrx_word' id='word_1_230' title='bbox 455 3955 591 4025; x_wconf 82' lang='lat' dir='ltr'>praestet</span> <span class='ocrx_word' id='word_1_231' title='bbox 613 3965 727 4007; x_wconf 81' lang='lat' dir='ltr'>summa</span> <span class='ocrx_word' id='word_1_232' title='bbox 746 3951 849 4006; x_wconf 83' lang='lat' dir='ltr'>Deitas</span> <span class='ocrx_word' id='word_1_233' title='bbox 872 3954 928 4008; x_wconf 89' lang='grc'>111.</span> <span class='ocrx_word' id='word_1_234' title='bbox 1023 3969 1029 3990; x_wconf 47' lang='lat' dir='ltr'>e</span> 
     </span>
    </p>
   </div>
   <div class='ocr_carea' id='block_1_14' title="bbox 34 4049 1131 4242">
    <p class='ocr_par' dir='ltr' id='par_1_16' title="bbox 34 4049 1131 4242">
     <span class='ocr_line' id='line_1_40' title="bbox 147 4049 1130 4145; baseline 0.004 -20"><span class='ocrx_word' id='word_1_235' title='bbox 147 4049 234 4126; x_wconf 82' lang='lat' dir='ltr'>bione</span> <span class='ocrx_word' id='word_1_236' title='bbox 250 4054 314 4126; x_wconf 78' lang='lat'>¹111.</span> <span class='ocrx_word' id='word_1_237' title='bbox 344 4085 374 4144; x_wconf 86' lang='lat' dir='ltr'>p.</span> <span class='ocrx_word' id='word_1_238' title='bbox 405 4069 445 4129; x_wconf 80' lang='lat'>59</span> <span class='ocrx_word' id='word_1_239' title='bbox 476 4088 492 4127; x_wconf 92' lang='lat' dir='ltr'>e</span> <span class='ocrx_word' id='word_1_240' title='bbox 523 4069 633 4128; x_wconf 83' lang='lat' dir='ltr'>Codice</span> <span class='ocrx_word' id='word_1_241' title='bbox 662 4067 854 4145; x_wconf 82' lang='lat' dir='ltr'>Friburgensi</span> <span class='ocrx_word' id='word_1_242' title='bbox 892 4087 969 4128; x_wconf 83' lang='lat' dir='ltr'>saec.</span> <span class='ocrx_word' id='word_1_243' title='bbox 1007 4069 1072 4128; x_wconf 86' lang='lat' dir='ltr'><strong>XII.</strong></span> <span class='ocrx_word' id='word_1_244' title='bbox 1095 4089 1130 4129; x_wconf 89' lang='lat' dir='ltr'>ac</span> 
     </span>
     <span class='ocr_line' id='line_1_41' title="bbox 34 4147 1131 4242; baseline 0.009 -38"><span class='ocrx_word' id='word_1_245' title='bbox 34 4221 39 4242; x_wconf 38' lang='grc' dir='ltr'>ι</span> <span class='ocrx_word' id='word_1_246' title='bbox 69 4148 279 4228; x_wconf 84' lang='lat' dir='ltr'>Stnttgartensi</span> <span class='ocrx_word' id='word_1_247' title='bbox 302 4171 380 4211; x_wconf 87' lang='lat' dir='ltr'>saec.</span> <span class='ocrx_word' id='word_1_248' title='bbox 404 4147 561 4224; x_wconf 67' lang='lat' dir='ltr'>llll-(M).¹</span> <span class='ocrx_word' id='word_1_249' title='bbox 595 4155 682 4214; x_wconf 77' lang='lat' dir='ltr'>Brev.</span> <span class='ocrx_word' id='word_1_250' title='bbox 708 4156 937 4214; x_wconf 88' lang='lat' dir='ltr'>Constantiense</span> <span class='ocrx_word' id='word_1_251' title='bbox 955 4154 1009 4224; x_wconf 87' lang='lat' dir='ltr'>(C).</span> <span class='ocrx_word' id='word_1_252' title='bbox 1053 4158 1131 4214; x_wconf 89' lang='lat' dir='ltr'>Nea-</span> 
     </span>
    </p>
   </div>
   <div class='ocr_carea' id='block_1_15' title="bbox 67 4233 1162 4326">
    <p class='ocr_par' dir='ltr' id='par_1_17' title="bbox 67 4221 1273 4326">
     <span class='ocr_line' id='line_1_42' title="bbox 67 4233 1162 4326; baseline 0.012 -37"><span class='ocrx_word' id='word_1_253' title='bbox 67 4233 601 4314; x_wconf 54' lang='grc'>1111111111.123111111111111</span> <span class='ocrx_word' id='word_1_254' title='bbox 630 4242 774 4300; x_wconf 76' lang='lat' dir='ltr'>Breviami</span> <span class='ocrx_word' id='word_1_255' title='bbox 805 4244 984 4318; x_wconf 84' lang='lat' dir='ltr'>scripturam</span> <span class='ocrx_word' id='word_1_256' title='bbox 1005 4243 1162 4326; x_wconf 30' lang='lat' dir='ltr'>praebetl</span> 
     </span>
    </p>
   </div>
   <div class='ocr_carea' id='block_1_16' title="bbox 67 4317 1132 4491">
    <p class='ocr_par' dir='ltr' id='par_1_18' title="bbox 67 4317 1132 4491">
     <span class='ocr_line' id='line_1_43' title="bbox 67 4317 1131 4403; baseline -0.004 -17"><span class='ocrx_word' id='word_1_257' title='bbox 67 4317 124 4386; x_wconf 79' lang='lat' dir='ltr'><strong>(N).</strong></span> <span class='ocrx_word' id='word_1_258' title='bbox 169 4326 193 4381; x_wconf 89' lang='grc'>1.</span> <span class='ocrx_word' id='word_1_259' title='bbox 216 4325 264 4403; x_wconf 60' lang='lat' dir='ltr'>N„</span> <span class='ocrx_word' id='word_1_260' title='bbox 283 4331 363 4382; x_wconf 90' lang='lat' dir='ltr'>ortu</span> <span class='ocrx_word' id='word_1_261' title='bbox 392 4325 494 4383; x_wconf 87' lang='lat' dir='ltr'>lucis.</span> <span class='ocrx_word' id='word_1_262' title='bbox 538 4328 698 4386; x_wconf 78' lang='lat' dir='ltr'>Lectio’o.</span> <span class='ocrx_word' id='word_1_263' title='bbox 728 4327 871 4384; x_wconf 90' lang='lat' dir='ltr'>Phoebi</span> <span class='ocrx_word' id='word_1_264' title='bbox 898 4327 1004 4384; x_wconf 86' lang='lat' dir='ltr'>Nealio</span> <span class='ocrx_word' id='word_1_265' title='bbox 1035 4323 1131 4383; x_wconf 86' lang='lat' dir='ltr'>minus</span> 
     </span>
     <span class='ocr_line' id='line_1_44' title="bbox 68 4403 1132 4491; baseline 0.007 -31"><span class='ocrx_word' id='word_1_266' title='bbox 68 4403 177 4465; x_wconf 88' lang='lat' dir='ltr'>decora</span> <span class='ocrx_word' id='word_1_267' title='bbox 197 4409 326 4491; x_wconf 83' lang='lat' dir='ltr'>videtur,</span> <span class='ocrx_word' id='word_1_268' title='bbox 349 4403 449 4470; x_wconf 86' lang='lat' dir='ltr'>tamen</span> <span class='ocrx_word' id='word_1_269' title='bbox 471 4413 595 4488; x_wconf 87' lang='lat' dir='ltr'>vulgata</span> <span class='ocrx_word' id='word_1_270' title='bbox 617 4419 672 4470; x_wconf 86' lang='lat' dir='ltr'>est.</span> <span class='ocrx_word' id='word_1_271' title='bbox 717 4415 746 4474; x_wconf 76' lang='lat'>2.</span> <span class='ocrx_word' id='word_1_272' title='bbox 768 4414 809 4470; x_wconf 91' lang='lat' dir='ltr'>M.</span> <span class='ocrx_word' id='word_1_273' title='bbox 834 4412 898 4469; x_wconf 90' lang='lat' dir='ltr'>dic.</span> <span class='ocrx_word' id='word_1_274' title='bbox 921 4412 951 4470; x_wconf 88' lang='lat' dir='ltr'>h.</span> <span class='ocrx_word' id='word_1_275' title='bbox 976 4409 1007 4467; x_wconf 87' lang='lat' dir='ltr'>C.</span> <span class='ocrx_word' id='word_1_276' title='bbox 1032 4428 1132 4468; x_wconf 85' lang='lat' dir='ltr'>cana·</span> 
     </span>
    </p>
   </div>
   <div class='ocr_carea' id='block_1_17' title="bbox 0 0 1370 5026">
    <p class='ocr_par' dir='ltr' id='par_1_19' title="bbox 0 0 1370 5026">
     <span class='ocr_line' id='line_1_45' title="bbox 0 0 1370 5026; baseline 0 0"><span class='ocrx_word' id='word_1_277' title='bbox 0 0 1370 5026; x_wconf 95' lang='lat' dir='ltr'> </span> 
     </span>
    </p>
   </div>
  </div>
 </body>
</html>
