2732 5026
240 594 300 654 105
322 593 381 652 Ρ51
402 598 433 650 15
454 593 552 668 ipsam
574 595 657 649 certe
677 591 754 659 iuro,
856 590 889 648 Si
909 587 1049 651 volebam
1069 582 1201 657 ieiunare,
1312 654 1317 665 Ι

323 679 401 736 dona
423 684 476 736 tua
497 679 570 735 nihil
593 693 689 745 curo,¹
857 693 904 733 me
928 675 1049 732 dicebas
1072 679 1226 750 aegrotare,

322 767 393 842 quia
414 769 502 840 potes
524 765 566 820 nil
588 763 718 820 donare,
858 780 905 820 me
928 761 1070 820 movebas
1092 757 1260 826 manducare,

321 853 378 908 nisi
399 867 513 926 poenas
537 855 568 906 et
589 850 716 925 plorare.
858 851 915 906 nisi
936 848 1045 907 uellem
1067 848 1203 922 peiorare.

322 985 402 1062 Ergo
425 989 488 1045 vita
510 985 656 1054 taediosa,

240 1074 300 1132 110
323 1091 406 1130 amor
427 1071 529 1130 mundi
551 1087 601 1128 res
616 1071 771 1146 probrosa,

323 1176 377 1215 cur
400 1159 526 1214 sectaris
548 1157 723 1232 fugientem,

323 1261 377 1300 cur
397 1259 457 1300 non
481 1244 597 1317 spernis
620 1247 650 1298 te
673 1260 756 1316 sper-

542 1330 682 1384 nentem?

776 1037 835 1096 145
859 1035 890 1094 Si
913 1033 986 1110 quid
1008 1033 1118 1092 dabam
1138 1031 1271 1106 indigenti,

859 1118 1024 1178 resistebas
1047 1136 1134 1178 meae
1155 1119 1247 1184 menti,

861 1203 977 1264 dicens:
1001 1205 1062 1262 noli
1084 1211 1136 1262 tua
1157 1203 1230 1269 dare,

861 1311 898 1349 ne
912 1293 1042 1370 (cogaris
1065 1289 1233 1348 mendicare.

322 1467 390 1523 Vita
412 1463 514 1522 mundi
536 1466 633 1521 carnis
658 1481 749 1533 amor,
858 1465 889 1522 Si
911 1461 1071 1520 laudabam
1086 1457 1283 1536 paupertatem,

324 1556 430 1615 contra
453 1567 543 1626 quam
566 1555 613 1606 est
634 1567 718 1606 meus
744 1565 746 1570 ·
776 1549 935 1631 15011515
959 1547 1080 1604 dicebas
1104 1546 1264 1602 falsitatem:

543 1636 662 1703 clamor,
857 1635 962 1692 melius
986 1639 1034 1690 est
1056 1646 1242 1707 congregare,

239 1721 297 1779 115
323 1737 416 1796 quare
439 1738 499 1776 non
520 1720 741 1788 verecundaris,
857 1727 947 1796 quam
970 1721 1075 1794 egenis
1099 1715 1251 1794 quidquam

321 1823 374 1863 cur
395 1808 518 1865 invitum
541 1808 737 1881 amplexaris?
1079 1803 1161 1860 dare.

320 1959 472 2016 Erubesce
493 1961 553 2016 iam
576 1967 606 2018 et
629 1959 712 2028 cede,
857 1959 889 2016 Si
910 1958 1049 2018 volebam
1071 1959 1177 2032 culpas
1198 1955 1268 2020 llere,

321 2063 339 2102 a
359 2063 407 2102 me
431 2046 518 2102 citius
541 2045 659 2115 recede,
857 2061 933 2120 quas
955 2061 1011 2110 me¹
1026 2060 1167 2100 suaseras
1187 2038 1287 2102 audere,

321 2137 351 2188 et
373 2133 402 2188 ni
426 2130 517 2187 cedas
541 2149 608 2188 curn
631 2147 740 2197 amore,
775 2129 832 2188 155
856 2135 889 2186 15
906 2129 1037 2198 dicebas,
1055 2127 1138 2204 quod
1151 2145 1204 2203 per
1216 2125 1289 2182 fletus

241 2217 300 2278 120
323 2222 353 2274 tc
376 2217 521 2290 repellam
544 2235 612 2274 cum
635 2216 746 2273 dolore.
861 2213 971 2272 stultus
993 2214 1096 2272 fierem
1120 2219 1151 2271 51
1173 2227 1275 2269 caecus.

320 2371 434 2427 Pellam
457 2375 487 2426 15
511 2369 548 2426 (15
564 2368 654 2426 corde
670 2387 746 2438 meo,
857 2369 888 2426 Si
912 2364 1069 2426 studebam
1091 2383 1241 2431 revocare,

321 2455 480 2514 adiuvante
503 2455 622 2512 Christo
646 2455 713 2522 (155,
857 2471 933 2529 quos
958 2454 1118 2531 cernebam
1141 2453 1276 2530 aberrare,

304 2559 376 2617 >nec
398 2543 570 2616 permittam
592 2541 749 2608 teredine,
858 2558 916 2596 non
940 2539 1082 2596 cessabas
1106 2539 1270 2597 mussitare:

322 2630 347 2684 si
371 2625 496 2708 deberes
520 2628 649 2684 interire.
773 2625 833 2686 100
856 2627 966 2684 sufficit
988 2630 1081 2682 temet
1105 2626 1231 2684 salvara

238 2781 364 2842 155115
387 2782 511 2850 mireris,
534 2781 629 2854 pestis
654 2778 726 2847 dira,
857 2779 888 2836 Si
909 2784 1086 2854 peccantem
1109 2777 1273 2854 arguebam,

321 2869 347 2924 si
369 2871 404 2922 te'
422 2883 590 2940 persequar
612 2883 679 2921 cum
701 2867 753 2932 ira,
856 2871 887 2921 te
910 2863 1059 2922 dicentem
1081 2865 1250 2922 audiebam:

319 2953 391 3027 quia
412 2952 483 3008 nihi
506 2957 539 3006 tu
561 2952 658 3007 fecisti
856 2949 895 3006 ad
917 2946 1017 3008 odium
1038 2951 1096 3006 hos
1120 2947 1257 3008 accendis
1289 2972 1292 2978 ·

319 3035 467 3114 quidquid
488 3037 557 3092 mali
579 3037 712 3110 potuisti.
744 3086 749 3091 ,
857 3041 961 3092 contra
984 3043 1023 3104 te,
1047 3033 1126 3110 quos
1150 3049 1247 3109 repre·

1074 3120 1195 3178 hendis.

319 3191 422 3247 Visum
444 3191 552 3246 mentis
575 3189 751 3258 obscurasti,

237 3277 297 3336 130
319 3291 424 3332 manus
447 3291 569 3350 quoque
587 3273 736 3350 ‘religasti
774 3274 833 3334 105
857 3275 888 3332 Si
911 3274 1041 3332 conabar
1064 3275 1200 3354 obedire,

319 3379 365 3420 me
389 3361 558 3436 temptabas
582 3361 729 3418 suffocare
856 3363 898 3416 sic
921 3360 1090 3436 temptabas
1115 3359 1272 3417 contraire:

320 3453 350 3504 51
373 3447 499 3521 optabas
523 3445 705 3545 devorare·
855 3444 962 3522 quibus
986 3444 1087 3525 debes·
1109 3447 1208 3502 maior
1229 3455 1294 3504 esse,

854 3530 959 3588 subiici
981 3549 1040 3588 non
1064 3537 1111 3588 est
1135 3543 1267 3588 necesse.
1349 3519 1350 3592 J

318 3601 349 3657 Si
371 3599 509 3658 volebam
531 3601 688 3674 respirare,
1348 3597 1350 3632 l

318 3691 351 3742 15
374 3685 498 3742 nolebas
520 3685 620 3741 locum
644 3683 725 3751 dare,
800 3682 801 3693 ¹
855 3685 886 3741 Si
900 3661 1047 3740 *morabar
1067 3685 1098 3740 in
1120 3681 1262 3760 legendo,
1321 3663 1350 3758 J

124 3789 129 3795 ·
235 3770 302 3829 135
317 3787 364 3827 me
381 3769 476 3844 pudet
492 3771 596 3844 culpas
611 3785 742 3837 narrare,
773 3769 833 3828 170
856 3769 1031 3826 stimulabas
1053 3787 1102 3826 me
1127 3767 1266 3826 dicendo:

318 3871 396 3932 quac
411 3855 553 3912 monebas
569 3861 752 3930 perpetrare.
853 3853 929 3912 vade
952 3857 1048 3930 magis
1072 3857 1205 3930 operari,

852 3939 932 3998 unde
954 3941 1054 4015 possis
1078 3939 1253 3998 sustentari.

316 4009 391 4064 Nain
413 4027 481 4066 cum
503 4009 556 4066 tibi
573 4027 637 4066 non
659 4025 745 4082 pare·

536 4095 614 4162 bam,
853 4095 885 4152 Si
907 4093 1045 4153 volebam
1065 4069 1219 4160 laborare,

315 4179 389 4235 iram
411 4185 494 4236 tuam
516 4179 690 4247 sentiebam,
853 4185 886 4238 tu
908 4179 1050 4238 movebas
1073 4196 1120 4236 me
1144 4189 1281 4253 pausare,

316 4265 342 4320 si
364 4263 527 4340 quidboni
549 4265 704 4332 faciebam,
769 4263 828 4324 175
851 4281 888 4322 ne
912 4279 1021 4339 corpus
1045 4263 1245 4338 debilitatem,

158 4337 161 4343 ¹
215 4347 293 4408 ,140
316 4353 345 4407 15
368 4353 546 4408 contrariam
561 4349 724 4418 habebam.
853 4351 878 4406 si
900 4349 1053 4408 laboribus
1075 4352 1232 4429 instarem.
