2728 5028
693 415 758 502 ss

354 611 372 672 5
395 613 435 693 Ut
456 601 575 687 p'erstcs
598 615 715 687 patiens
737 610 903 690 pollicitum
924 613 988 670 Deo
1022 623 1027 636 “

396 699 527 757 Servans
550 685 739 773 obsequium!
763 717 822 774 quc
844 701 944 774 potius
968 699 1021 756 tibi

371 799 372 802 ’
438 785 488 842 Nil
509 787 661 858 proponis,
685 790 716 841 et
738 801 823 841 arces

482 869 596 928 Cautus
618 871 713 939 noxia,
737 885 815 946 quae
836 867 966 944 placent.

396 986 436 1046 Ut
457 994 556 1046 motus
579 986 711 1058 cohibes,
734 977 846 1064 pdbulu
867 989 919 1064 qui
939 995 1049 1063 parant

335 1074 374 1134 10
397 1073 554 1150 surgentis
576 1076 648 1143 vitii,
672 1092 731 1130 non
754 1073 860 1131 dubios
883 1091 977 1150 egens

437 1160 496 1218 Per
517 1162 646 1236 vestigia
658 1153 806 1234 'gressus'
917 1191 923 1202 ι

482 1243 547 1314 Quo
570 1247 632 1305 veri
654 1247 703 1304 vie.
725 1245 834 1322 dirigit.

397 1364 442 1422 Sit
462 1381 562 1422 rerum
584 1365 709 1422 Domino
731 1366 809 1440 iugis
831 1363 927 1432 honor
948 1363 1039 1434 Patri,

394 1449 433 1507 Et
454 1455 567 1528 uatum¹
579 1449 731 1508 celebrent
753 1467 805 1506 ora
825 1452 1020 1524 precantium,

336 1535 373 1595 15
439 1535 636 1612 Divinumque
660 1537 807 1610 supremis

480 1623 601 1704 Flumen
623 1621 762 1678 laudibus
786 1620 919 1678 efferant.
971 1627 974 1634 “
1030 1623 1033 1629 ”

278 1699 437 1781 Sclrlosscr
458 1723 480 1782 1.
502 1743 531 1799 p.
556 1723 631 1782 ¹115:
688 1724 842 1796 Versascer
871 1724 922 1782 des
946 1724 1077 1800 Hymnus
1105 1727 1147 1784 ist
1174 1727 1267 1804 Papst

197 1809 290 1870 urban
318 1809 397 1868 VIII.
444 1809 482 1882 Sc
505 1809 666 1885 Sipcorctlc'
686 1809 747 1866 und
767 1809 866 1866 Bocsi.

385 2001 504 2072 Nullis
535 2004 571 2072 ic*
585 2006 724 2090 yenttor
746 1981 924 2072 blanditiis
948 2003 1064 2071 tratti.

421 2105 474 2164 „De
493 2105 520 2160 S.
538 2105 749 2175 Hermengildc.
768 2104 1023 2179 numantinum.
1085 2172 1087 2176 .
1156 2141 1159 2148 ·

190 2251 193 2257 ·
254 2216 404 2276 Nullis'te
427 2211 545 2294 genitor
572 2217 724 2278 blanditiis
789 2219 875 2275 Nunc
898 2236 953 2275 nos
976 2236 992 2275 e
1016 2217 1164 2294 Superum
1193 2239 1262 2296 pro·

497 2305 599 2374 trehit,
1032 2309 1103 2379 tege
1126 2305 1247 2382 sedibus

256 2389 322 2446 Non
356 2391 435 2447 vitae
471 2392 587 2464 caperis
625 2389 767 2448 divitisld
790 2389 1045 2464 Clemenszstque
1054 2407 1173 2465 preces,
1190 2391 1260 2450 dum

497 2477 567 2544 otio,
913 2494 916 2502 .
1000 2535 1003 2543 ,
1032 2478 1165 2534 canimus
1188 2483 1241 2536 tus

278 2559 504 2618 Gemmarumve
526 2562 632 2628 nitore,
714 2576 718 2586 ¹
811 2559 984 2629 Quaesitum
1006 2577 1081 2618 nece
1103 2563 1242 2638 palmam,

297 2645 491 2728 Regnandive
515 2645 662 2721 cupidine.
834 2645 940 2702 Pronis
963 2645 1083 2704 curibus
1107 2651 1219 2724 excipe.

213 2765 332 2844 5Diris
369 2783 427 2822 non
457 2767 538 2824 acies
572 2770 602 2822 te
632 2765 724 2841 gladii
790 2765 834 2822 Sit
856 2758 1097 2842 rerum‘Domino
1113 2769 1191 2844 iugis
1207 2769 1260 2826 ho·

496 2853 591 2920 minis,
1031 2869 1085 2908 nor
1107 2852 1198 2922 Patri,

255 2937 317 2993 Nec
339 2941 434 2994 terret
459 2929 608 3010 perimens
632 2939 726 2993 cemi-
790 2936 828 2994 Et
843 2940 945 3007 ustum
961 2937 1114 2996 celebrent
1130 2956 1259 3014 orapre·
1317 2941 1321 2952 '

276 3017 281 3024 ’
495 3023 561 3080 ficis
582 3023 677 3080 furor:
1032 3025 1170 3094 cantium,

181 3120 186 3124 ’
276 3108 351 3164 Nam
374 3123 513 3164 mansura
535 3108 656 3166 caducis
730 3107 766 3166 15
811 3104 1009 3184 Divinumque
1030 3113 1175 3183 supremis

297 3191 436 3250 Praefers
449 3193 558 3268 gaudia
574 3194 723 3274 coelitum.
796 3260 800 3266 p
832 3193 954 3250 Flamen
969 3191 1108 3252 laudibus
1124 3197 1255 3254 efferent

437 3504 440 3515 .
486 3439 645 3524 Inuictus
671 3457 777 3524 lueres
800 3441 965 3524 numinis.

259 3557 304 3612 De
323 3559 350 3612 S.
368 3557 473 3612 loannc
497 3558 538 3612 Ne
561 3573 703 3612 omuccnu.
740 3557 827 3624 (XVI.
850 3557 942 3624 Maii.)
978 3559 1022 3612 Ad
1041 3559 1191 3626 Vesperss.
1300 3561 1303 3574 ’

177 3655 179 3663 ι
502 3701 505 3708 Ὺ
570 3627 714 3680 xindultu
735 3625 898 3695 apostolico.

253 3740 386 3798 Invictus
408 3741 506 3798 Herus
529 3740 663 3796 Numinis
792 3739 852 3796 Sed
872 3739 949 3795 haec
971 3739 1098 3796 Ioannes
1123 3739 1252 3814 despicit,
1322 3761 1324 3764 ·

253 3825 436 3901 Mergendus
459 3823 539 3882 unda
561 3826 697 3896 fluminis
730 3827 767 3885 10
790 3826 852 3884 Nec
874 3824 967 3903 Regis
990 3825 1064 3882 iram
1085 3827 1218 3901 respicit:

255 3911 322 3988 Stet
342 3897 428 3968 'fortis
450 3914 480 3968 in
504 3911 631 3979 silentio,
790 3911 914 3990 Secreta
935 3901 995 3967 non
1017 3913 1081 3969 vult
1103 3911 1237 3986 pandere,

254 3997 332 4078 Dum
353 3997 388 4053 fit
409 3997 498 4072 sigilli
521 3999 647 4065 mentis.
696 4017 702 4033 ·
791 3997 901 4053 Horret
924 3997 1053 4071 sigillum
1075 3999 1235 4076 frangere.'

211 4115 230 4174 5
253 4116 329 4174 Hinc
352 4134 404 4174 rex
426 4115 555 4175 minatur
576 4117 690 4185 sunere,
791 4117 858 4172 Stat
873 4120 973 4173 mutus
986 4116 1092 4192 Agnus
1108 4120 1250 4180 innocens,

158 4233 160 4236 ·
254 4203 329 4260 Hinc
352 4207 452 4260 tortor
473 4203 562 4260 insert
591 4203 722 4271 vulnera,
788 4203 838 4259 Nil
861 4201 1059 4278 detegendis
1086 4204 1248 4278 proferens:

253 4288 361 4346 Manus
383 4289 515 4362 ligantur
536 4289 665 4357 funibus,
727 4287 764 4348 15
789 4288 864 4357 Stat,
882 4287 1012 4364 dumque
1033 4287 1099 4345 Rex
1113 4279 1155 4346 nil
1167 4285 1247 4349 elicit,

253 4373 346 4474 uirtus
360 4379 538 4432 cremantur
559 4375 686 4450 ignibus.
788 4373 811 4430 E
833 4379 926 4449 ponte
947 4373 1064 4432 Iustum
1086 4374 1188 4433 deiicit.
