2772 5024
727 381 793 458 m

336 564 355 623 5
377 563 494 620 Bonum
515 563 634 640 neglexi
656 564 766 634 facere,
790 563 872 640 quod
891 565 990 636 debui,

376 649 523 725 probrosa
545 650 628 725 gessi
650 650 713 706 aine
735 651 794 707 fine
816 653 948 720 crimina,

377 736 476 792 scelus
498 736 615 809 patrari
637 735 719 792 nullo
743 736 878 794 clausum
899 739 1035 796 termino.

313 881 320 894 ,
377 820 501 878 subveni
524 819 656 878 Christe!

376 939 509 997 Cunctae
533 957 611 1016 quae
634 939 714 997 salso
737 941 826 998 maris
850 943 971 998 suntin
994 943 1095 1000 littore

314 1025 353 1085 1⁰
377 1042 485 1082 arenae
508 1027 605 1082 mixtis
628 1028 801 1100 purpuratis
825 1027 988 1096 conchulis,

376 1129 435 1167 non
458 1112 531 1167 meis
553 1117 682 1185 possunt
705 1113 846 1188 coequari
869 1113 959 1181 vitiis,

375 1197 472 1253 fateor
494 1195 588 1252 malis.

374 1315 469 1372 Doleo
491 1315 592 1372 multis
615 1321 809 1389 peccatorum
831 1316 936 1374 iaculis

377 1401 544 1468 confossus,
566 1417 637 1458 arou
661 1417 738 1475 quae
760 1403 861 1458 Venus
884 1399 1015 1458 libidinis

314 1486 351 1546 15
371 1487 503 1562 intorsit,
527 1486 581 1542 lita
604 1487 720 1560 spicula
741 1487 885 1544 mortiferi

373 1571 451 1628 fellis
474 1571 511 1628 ab
534 1569 622 1628 unda.

346 1781 348 1786 Ι
373 1705 485 1764 Effudit
507 1705 633 1764 daemon
656 1705 692 1764 de
714 1707 857 1782 pharetra
878 1707 1031 1764 flammeas

280 1852 283 1861 ,
375 1793 514 1868 sagittas,
537 1809 636 1849 meum
659 1809 750 1867 super
772 1793 880 1850 vulnus
902 1793 1025 1850 vulnere

244 1941 253 1950 .
373 1879 467 1935 infixit
490 1880 590 1934 statim
614 1877 722 1952 cupido
746 1879 919 1954 turpissima

309 1963 351 2026 2⁰
373 1964 470 2020 fronte
492 1979 614 2038 rugosa.

372 2101 483 2157 Factus
506 2117 572 2156 sum
594 2100 676 2166 vilis;
691 2104 808 2156 'cuncta
831 2117 921 2174 super
943 2101 993 2158 ilia

372 2187 455 2244 venit
475 2186 605 2242 latenter
628 2183 759 2259 gladium
782 2185 949 2260 superbiae,

373 2270 472 2328 cordis
494 2271 588 2327 infixit
610 2285 781 2326 mucronem
804 2270 859 2327 sub
881 2270 978 2328 medio

372 2373 461 2414 manu
484 2360 615 2414 cruenta.

242 2543 246 2548 ,
310 2494 350 2554 25
375 2491 477 2550 Genus
502 2493 651 2566 serpentis
674 2491 759 2548 affuit
780 2489 898 2560 invidia,

373 2579 480 2638 veneni
502 2582 627 2652 portans
649 2577 760 2650 poeula
781 2577 926 2650 pestiferi,

372 2661 455 2722 dedit
475 2664 507 2719 in
530 2663 624 2730 sitim;
646 2663 750 2718 mortis
773 2667 879 2742 auctor
897 2663 998 2720 ¹eu'titit

372 2747 495 2806 sordida
516 2749 591 2804 lues.

370 2882 500 2942 Horrida
521 2883 606 2942 vultu
627 2883 756 2939 faculam
778 2881 936 2952 discordia,

272 2969 350 3052 ,30
372 2971 444 3045 igne
468 2951 644 3026 succensam
667 2965 804 3025 deferens
828 2969 1000 3042 sulphureo,

370 3053 468 3112 medio
491 3071 558 3111 meo
580 3054 683 3128 posuit
705 3052 760 3110 sub
782 3058 916 3128 pectore,

370 3141 449 3198 coxit
471 3155 580 3196 amare.

367 3275 452 3332 inter
473 3275 530 3332 has
553 3291 673 3348 quoque
695 3291 810 3348 pennas
833 3292 942 3350 gerens
965 3274 1122 3351 plumbeas

369 3362 465 3418 inanis
489 3361 599 3416 cursim
622 3360 818 3419 transvolavit
840 3361 944 3434 gloria,

306 3446 346 3506 35
371 3462 449 3521 quae
472 3461 520 3502 me
541 3449 668 3502 ventosa
689 3445 839 3502 nitebatur
862 3446 960 3504 subito

368 3530 473 3588 fraude
496 3531 603 3605 perire.

369 3665 513 3742 Kanendo
537 3667 618 3723 venit
638 3667 740 3723 fistula
761 3668 918 3742 ingluvies.

367 3752 449 3826 bona
469 3752 639 3826 praesentis
661 3751 819 3826 inrogabat
840 3752 993 3826 temporis,

369 3837 502 3895 extendit
523 3841 667 3904 ventrem,
690 3838 886 3894 temulentum
908 3835 1048 3904 reddidit,

304 3921 346 3981 40
368 3922 488 3980 miscuit
508 3923 596 3978 risus.

367 4057 488 4132 Lugere
509 4055 598 4137 modo
621 4073 669 4114 me
690 4059 839 4132 permitte,
863 4056 990 4126 domine,

369 4143 456 4210 mala,
480 4158 559 4217 quae
581 4143 673 4217 gessi,
695 4159 766 4200 reus
788 4143 825 4199 ab
847 4145 980 4212 infantia,

368 4227 507 4283 lacrimas
530 4225 602 4284 mihi
623 4232 677 4284 tua
698 4226 777 4285 dona
799 4229 897 4304 gratia

368 4310 467 4370 cordis
491 4310 528 4368 ab
550 4312 621 4376 imo,
