2874 5020
224 637 296 702 672.
322 625 481 709 [Oreum
502 623 605 696 Deua
627 587 817 699 imdnavit.
860 635 982 698 Neale
1005 601 1075 713 Sed.
1097 655 1125 716 p.
1149 623 1227 699 259'

144 742 160 780 e
182 723 297 818 Misseli
311 722 506 798 ,nidrosiensi
532 719 632 796 iiia]
1326 751 1331 758 .

142 848 166 904 i.
190 840 313 902 Goelurn
335 843 415 900 Deus
438 841 590 899 inclinavit
675 843 702 902 2.
717 843 793 923 Miro
816 841 906 900 modo
927 859 982 902 uos
1006 841 1116 910 dilexit,

175 928 216 986 Et
239 927 394 985 descendit
418 933 448 984 et
469 929 590 986 intravit
720 929 777 999 Qui
798 947 853 1004 pro
876 927 962 986 nobis
986 945 1019 986 ae
1042 927 1187 1003 despexit,

99 1071 103 1077 ,
180 1015 241 1072 Vas
265 1013 394 1071 electum
416 1015 509 1089 stirpe
530 1013 628 1070 David
717 1015 790 1072 Cum
813 1015 870 1072 sub
891 1018 994 1080 nostra
1025 1031 1114 1072 earne
1137 1016 1211 1072 texit

106 1163 115 1174 ¹
223 1098 311 1169 Quod
333 1106 402 1156 ante
425 1101 620 1174 promiseras
764 1100 854 1156 Suam
876 1097 1118 1174 magnitudinem.

180 1185 239 1243 Per
262 1185 344 1260 quod
365 1185 463 1242 Verbo
486 1187 636 1242 maritavit
720 1183 805 1242 Unde
826 1187 901 1242 meri
923 1203 982 1241 non
1004 1185 1147 1260 neglexit,

182 1272 319 1338 Carnem,
343 1272 391 1327 oui
413 1270 585 1344 subiugavit
718 1269 776 1342 Qui
797 1289 852 1346 pro
875 1270 959 1330 nobis
982 1272 1153 1337 resurrexit,

136 1375 139 1378 ·
183 1357 308 1414 Coelum
330 1355 369 1418 ad
392 1355 473 1432 quod
495 1357 661 1430 reportavit
717 1355 755 1412 Et
777 1373 939 1432 resurgens
962 1373 1017 1412 nos
1040 1357 1155 1420 revexit

225 1443 320 1500 Ovem
343 1459 420 1518 quae
442 1443 580 1517 perierat,
761 1441 809 1499 Ad
831 1444 923 1499 vitam
945 1459 1000 1518 per
1023 1443 1175 1518 virginem.

365 1563 391 1620 3.
427 1561 532 1620 Gaude
554 1561 655 1636 Virgo,
679 1567 775 1618 mater
791 1563 910 1632 Christi,

427 1645 512 1722 Quae
535 1665 589 1724 per
612 1665 714 1704 aurem
737 1643 927 1724 concepisti,¹
980 1718 982 1721 ¹

350 1797 353 1801 ,
424 1733 487 1790 Nee
510 1735 540 1790 in
561 1737 651 1806 partu
672 1735 824 1807 pertulisti
858 1781 860 1784 .

463 1817 591 1874 Pudoris
615 1817 819 1892 dispendium:
878 1835 890 1879 ⁰.
952 1813 954 1818 ¹

313 1965 316 1970 ,
425 1901 503 1971 Quia
524 1903 620 1960 Deum
642 1907 772 1977 genuisti

424 1987 502 2044 Dum
525 1989 567 2044 sic
590 1994 693 2045 nostra
715 1996 748 2046 tu
769 1992 841 2047 fuist

427 2072 523 2141 Salus,
545 2073 627 2148 plebi
650 2075 752 2132 confer
773 2077 824 2134 isti

463 2159 560 2216 Tuum
581 2147 806 2233 patrocinium.'

222 2379 294 2440 673.
331 2368 454 2452 [Adest
475 2373 551 2438 dies
576 2394 643 2462 quo
663 2373 838 2458 firmatur.
884 2383 937 2455 „ln
961 2383 1009 2442 die
1033 2353 1207 2446 Sanctifica-

114 2469 227 2564 ¹tionis
249 2460 394 2524 Mariae.“
417 2467 572 2526 Ecclesiol.
597 2469 628 2525 O.
651 2469 736 2526 Febr.
764 2470 853 2528 1854.
875 2489 904 2544 p.
929 2467 990 2538 30]

139 2590 164 2645 1.
175 2585 272 2644 Adest
295 2585 358 2643 dies
382 2605 441 2660 quo
463 2570 595 2645 firmatur·
713 2591 791 2646 Vere
813 2590 889 2647 haec
912 2597 959 2648 est
981 2596 1075 2649 mater
1098 2598 1191 2669 grate,

178 2671 255 2746 Spes
276 2673 437 2746 promissa,
457 2678 492 2736 et
513 2675 636 2730 miratur
715 2675 769 2732 Cui
791 2669 874 2750 nella
896 2683 1069 2750 comparate

178 2744 268 2814 Coelis
291 2756 482 2825 admirabilis,
714 2761 819 2818 Exstat
840 2763 870 2818 in
892 2755 1065 2822 iuvenculis.

172 2842 257 2902 Olim
280 2833 344 2898 visa
365 2843 396 2898 in
417 2843 573 2920 prophetis
645 2882 650 2888 -
672 2881 690 2940 5
710 2881 781 2944 sion
804 2899 821 2938 e

177 2928 215 2984 Et
238 2931 378 2984 contenta
399 2929 429 2984 in
452 2928 581 2987 decretis
645 2930 650 2942 ’
693 2927 699 2940 ’
807 2947 811 2950 ’

176 3011 298 3070 Petrum
321 3018 352 3069 et
374 3016 566 3090 praenuntiis,

822 2885 835 2938 t
856 2881 931 2941 haee
955 2882 1136 2958 colliguntur

713 2967 805 3026 Plene
828 2972 859 3024 et
880 2969 1069 3042 reperiuntur

609 3111 610 3115 ,
713 3053 795 3109 Luce
819 3058 849 3110 et
870 3054 1009 3122 historia;

134 3133 164 3190 2.
181 3131 265 3202 Quae
288 3151 306 3190 e
329 3135 445 3196 eunetis
468 3135 670 3206 collaudatum
713 3137 772 3195 Per
795 3155 884 3213 quam
907 3137 1009 3198 cuncti
1028 3139 1206 3202 imbuuntur.

174 3218 250 3280 Nam
272 3217 386 3276 Mariae
408 3218 564 3282 dedicatur
713 3220 877 3284 Credentes
888 3231 932 3287 at
953 3226 1116 3284 fulciuntur

176 3302 247 3358 Dies
269 3303 346 3360 haee
369 3305 515 3374 amabilis,
712 3311 818 3370 Matris
831 3327 897 3385 ¹per
919 3313 1071 3378 miracula.

178 3386 273 3456 Quam
294 3387 441 3460 profunde
464 3389 648 3450 admirantur
672 3429 692 3486 6
712 3430 789 3486 Ecce
813 3431 896 3486 cuius
919 3433 1069 3488 muniatur

131 3508 134 3514 ·
176 3473 277 3540 Terra,
300 3477 420 3546 pontus,
444 3480 474 3531 et
496 3482 644 3536 novantur
693 3473 786 3570 'Part

176 3557 219 3614 Ex
240 3559 351 3616 virtute
374 3556 511 3634 virginis·
787 3531 832 3582 us,
857 3519 888 3570 et
910 3515 1112 3574 sanctificatur
1180 3564 1183 3570 .

713 3599 818 3658 Matris
834 3599 962 3658 'clausus
984 3607 1084 3660 utero:
1187 3629 1190 3638 ·

4 3691 5 3700 ’
75 3692 77 3697 ·
134 3677 161 3736 3.
174 3677 259 3738 Hane
280 3677 331 3734 lux
353 3695 425 3736 vera
448 3685 479 3736 et
501 3683 608 3756 sophia
714 3685 792 3742 Nata
815 3689 918 3742 sancta
941 3693 1160 3768 conversetur¹

29 3775 32 3784 ¹
175 3762 228 3822 Pie
249 3763 371 3822 firmans
394 3765 424 3824 in
446 3766 503 3824 ha'c
525 3769 574 3826 via
711 3770 799 3826 Circa
820 3772 978 3844 templum,
1002 3777 1034 3830 et
1056 3779 1193 3835 sacratur

173 3847 293 3908 Lueeus
316 3854 385 3906 ante
409 3851 546 3914 saecula:
713 3855 825 3914 Domus
841 3855 896 3914 Dei
912 3857 1002 3920 Filio,
1076 3897 1082 3904 .,
1253 3854 1255 3864 ’

173 3934 217 3990 De
234 3952 301 4076 3η
323 3935 403 3995 satur
425 3938 566 4012 propheti

567 3957 594 4007 θ’
671 3973 698 4034 7.
710 3971 758 4031 Sic
769 3977 835 4049 ”per
857 3973 922 4034 Ave
946 3977 1102 4050 salutatur,

711 4057 920 4134 Dispensatur,
944 4058 1157 4138 foecundatur

710 4147 848 4220 Desuper
869 4163 887 4202 a
911 4149 1058 4222 Spirituz‘
1094 4219 1096 4225 y

131 4222 159 4280 4.
172 4221 211 4278 Et
232 4239 310 4298 qnae
332 4227 391 4285 ista
409 4230 453 4288 ¹ait
473 4229 611 4303 praelata
710 4231 830 4288 Montes
854 4231 1001 4290 scandens
1026 4229 1167 4310 agitatur,

173 4306 276 4368 Rebus
298 4313 432 4381 cunctis,
456 4319 486 4372 et
509 4320 613 4374 ornata
712 4315 849 4374 Nondum
872 4323 960 4376 natus
983 4322 1158 4396 gratuletur
1186 4337 1199 4353 ‘¹

172 4390 264 4470 Virgo
285 4395 458 4468 muchium
545 4439 547 4452 ·
708 4401 743 4458 Iu
765 4403 879 4464 Manae
901 4403 993 4467 aditu.

173 4015 232 4076 Pro
272 4023 369 4078 icutur
391 4021 429 4081 ab
451 4023 528 4092 nm

164 4101 271 4160 ‚Parve
286 4106 340 4162 sub
356 4106 513 4166 nubecula.
