2788 5024
128 635 352 696 assessores
376 638 517 713 gloriosa,
662 637 689 696 3.
705 637 796 711 Signo
820 637 916 692 crucis
940 637 1031 692 oaesi·
1050 636 1160 706 vident,
1255 693 1260 700 ,

167 725 230 780 dies
253 719 334 780 laeta
357 728 387 779 et
408 724 532 790 famosa,
704 723 798 778 multa
821 723 906 796 signa
926 722 999 778 foris
1021 724 1125 791 nitent,

188 809 253 866 dies
276 810 376 882 magni
398 808 513 883 gaudii:
726 808 835 864 erescit
856 805 931 862 fides
955 805 1077 863 domini:

136 929 143 950 ι
167 896 253 952 Diem
274 895 365 952 istum
388 894 575 950 consecravit
702 893 784 956 Inter
806 891 932 959 multos,
957 893 1007 966 qui
1029 898 1176 966 vocantur

169 981 292 1054 sanguis
316 996 411 1046 sacer,
436 981 493 1054 qui'
508 979 639 1051 manavit
705 983 735 1034 et
756 977 906 1052 baptismo
931 983 1144 1034 consecrantur

189 1067 328 1138 martyris
350 1064 511 1122 Laurentii.
726 1062 831 1118 domus
855 1067 902 1118 est
924 1063 1096 1136 Hippolyti3

19 1173 27 1187 ¹
54 1232 58 1238 .
126 1185 153 1243 2.
166 1183 201 1240 111
222 1183 356 1242 Romana
379 1183 451 1240 sede
475 1183 611 1242 Christus
659 1183 689 1240 4.
703 1181 816 1238 Domus
840 1183 903 1237 eius
926 1185 991 1238 tota
1014 1181 1118 1250 eredit,

169 1270 249 1326 huno
271 1270 407 1343 perfecit,
431 1267 550 1344 quando
563 1269 640 1342 Xys-
706 1285 796 1342 quarn
828 1285 882 1342 pro
920 1266 1039 1322 Christo
1073 1284 1178 1324 caesar

513 1359 562 1410 tus
777 1391 778 1396 κ
1000 1351 1100 1410 caedit
1157 1343 1162 1349 ’

190 1456 288 1514 papae
310 1440 409 1496 locum
431 1425 535 1519 tenuit]
611 1468 616 1480 ·
728 1437 792 1496 dira
814 1453 869 1512 per
890 1437 1047 1512 supplicia.
1065 1444 1066 1448 ’

169 1526 225 1582 Hio
248 1525 407 1584 thesauros
431 1525 486 1582 sibi
509 1523 596 1582 datos
704 1523 861 1580 Posthaeo
870 1528 983 1596 martyr
992 1529 1040 1580 est
1055 1527 1176 1580 assatus

171 1609 370 1684 dispergendo
394 1601 604 1685 seoit'gratos,
706 1603 736 1665 et
757 1611 933 1682 perignem
963 1607 1180 1682 comprobatus

146 1761 147 1764 Ἴ
190 1696 231 1751 nil
254 1696 310 1752 sibi
332 1698 463 1772 retinuit.
505 1755 508 1762 ,
725 1696 816 1750 intrat
839 1694 914 1749 coeli
937 1692 1060 1768 gaudia3

362 1806 461 1873 issu
484 1832 573 1890 quem
596 1831 650 1870 sua
673 1817 779 1868 saneta
800 1825 890 1885 prece
939 1833 940 1838 ¹

412 1918 467 1956 nos
490 1898 649 1955 mundatos
673 1898 780 1970 culpae
803 1898 888 1954 saeue

434 1985 524 2042 ducat
547 1983 595 2040 dei
616 1985 704 2050 filius,

414 2069 471 2140 Qui
493 2087 548 2144 pro
570 2069 656 2126 nobis
678 2069 735 2124 iuit
756 2083 866 2142 passus

412 2160 443 2212 st
464 2173 519 2228 pro
543 2172 601 2230 quo
625 2159 672 2211 est
694 2155 764 2228 igne
786 2168 875 2210 assus

325 2249 329 2254 ’
433 2241 527 2298 levita
547 2241 736 2297 Laurentius.

545 2387 749 2395 —d-u--OU

193 2477 262 2536 577.
288 2467 440 2548 [Loudei
461 2470 567 2536 laude
589 2469 774 2556 speciosa..
809 2477 853 2533 Do
876 2475 904 2533 S.
928 2475 1181 2550 Radegunde.

109 2563 187 2620 XIII.
212 2564 288 2638 Aug.
333 2564 454 2620 Neale
478 2564 545 2638 Seq.
568 2583 596 2639 p.
612 2561 679 2622 roi
703 2580 719 2619 e
742 2562 858 2618 Missali
881 2560 1050 2617 Redonensi
1077 2557 1177 2634 1523]

172 2681 290 2739 Laudet
310 2675 399 2740 laude
423 2683 561 2756 speciosa
697 2673 813 2738 'Omnis
836 2685 921 2737 aetas
945 2685 976 2736 et
996 2684 1124 2756 uterque

195 2767 252 2836 Qui
275 2767 374 2826 divina
396 2770 494 2842 gratia
584 2767 585 2770 ’
733 2768 827 2824 Sexus
851 2765 994 2822 salutaria

172 2853 330 2910 Liberatus
354 2869 371 2908 a
393 2857 480 2910 reatu
705 2852 768 2908 Deo
793 2853 950 2924 speciosae
971 2849 1070 2908 laudis

154 2932 162 2943 ’
194 2938 304 3006 Tendit
324 2937 362 2994 ad
385 2939 542 2995 eoelestia:
731 2937 826 2992 Offert
848 2937 1002 2994 sacrificia.

174 3023 222 3082 Ad
245 3042 323 3100 quae
346 3029 430 3081 certa
452 3040 507 3098 spe
522 3027 644 3080 conten·
708 3023 803 3078 Nemo
826 3037 951 3094 prorsus
975 3025 1022 3078 est
1038 3025 1180 3094 expertus

197 3125 199 3131 ’
447 3157 453 3168 ,
516 3108 600 3177 dens,
730 3107 776 3164 Ab
799 3107 857 3164 hao
879 3105 977 3164 laudis
999 3107 1110 3174 hostia,

193 3195 328 3269 Despicit
350 3196 514 3262 terrestria,
707 3192 764 3262 Qui
787 3193 836 3250 vei
858 3197 957 3248 mente
979 3193 1039 3266 legi
1062 3192 1117 3248 Dei

175 3279 258 3347 Quae
282 3281 336 3335 sub
360 3281 423 3336 soie
438 3281 579 3336 vanitatis
731 3280 829 3334 Servit
853 3295 921 3334 cum
942 3277 1059 3334 fiducia.

195 3364 318 3421 Vanitas
343 3361 414 3418 sunt
434 3365 545 3430 omnia;
710 3364 758 3420 sie
780 3365 869 3420 beata
890 3361 1095 3436 Radegundis‚

173 3449 272 3504 Decor
293 3447 403 3515 laudis,
427 3450 507 3504 vitae
530 3447 645 3514 modus,
735 3449 825 3504 Cuius
843 3447 918 3504 haec
943 3447 1098 3504 sollemnia
1212 3485 1217 3492 t

194 3534 287 3608 Legis
310 3533 507 3591 observantia.
712 3532 921 3598 Celebramus‚
950 3529 1051 3588 mundi
1073 3532 1184 3588 fastum

126 3671 131 3678 ,
175 3618 259 3688 Quae
289 3620 432 3676 virtutum
462 3618 645 3676 diversarum
715 3617 862 3691 *Eiusque
886 3617 1026 3692 contagia
1085 3649 1090 3656 ·
1237 3620 1240 3625 '

195 3705 242 3761 Fit
265 3703 474 3760 munificentia.
714 3703 890 3766 Desinant,
914 3702 945 3758 e't
966 3702 1131 3775 probrosae

175 3791 251 3847 Nam
273 3789 312 3845 ad
334 3789 392 3846 hoo
416 3789 581 3864 opitulatur
736 3787 820 3844 Vitae
843 3788 1004 3843 lenocinia:

196 3877 327 3950 Elegans
350 3873 524 3948 prudentIa:
650 3871 652 3876 ’
712 3873 839 3929 Carnem
862 3869 946 3930 snam
974 3873 1162 3946 crucifigens,

175 3962 213 4018 Et
235 3961 413 4035 dispensans
442 3957 627 4034 agendorum
735 3959 809 4014 Cum
832 3958 1081 4032 concupiscentia.

98 4065 103 4068 ·
196 4047 311 4103 Causas
335 4045 548 4119 temperantia:
714 4045 747 4100 In
770 4043 828 4099 har
851 4043 929 4100 valle
950 4043 1150 4117 lacrymarum

175 4129 329 4188 Fortitudo
352 4129 513 4188 resistendi
736 4129 852 4186 (iuncta
874 4131 1060 4186 transeuntia

197 4215 309 4288 Contra
331 4233 471 4290 quaeque
493 4216 582 4281 vitia3
713 4215 911 4270 Aeternorum
934 4215 1059 4270 caritate

175 4299 213 4356 Et
235 4317 313 4376 quae
337 4318 392 4358 sua
408 4305 484 4362 sunt
506 4299 651 4356 reddendi
693 4293 697 4300 “
738 4299 901 4372 Reputavit
922 4299 1007 4356 vilia:

188 4385 329 4462 Singulis
351 4387 476 4445 iustitia.
716 4385 838 4442 Habens
862 4386 1005 4460 gemitum
1019 4401 1073 4459 pro
1089 4387 1187 4450 cantu,
