2788 5024
223 579 252 642 t.
268 582 404 639 Salutere
427 587 529 638 tantae
551 583 594 638 rei
757 583 832 642 8.1u
854 581 989 640 Persona
1010 601 1070 640 una
1092 584 1205 642 Christi

266 669 491 735 Documentum,
515 668 604 724 Verbi
626 668 680 726 Dei
800 669 878 724 Eece
902 669 996 726 Deum
1019 672 1198 744 cognovisti,

307 753 353 808 Fit
376 753 628 828 Transfiguratie:
822 754 950 828 Virginis
975 760 1005 810 et
1026 755 1134 812 filiurn:

264 839 298 894 lu
321 855 382 914 qua
403 838 489 895 nobis
511 839 663 902 revelatur
798 838 894 896 Unam
915 845 1015 896 tamen
1045 843 1088 897 sio
1111 840 1287 918 concedas„

265 924 352 994 Quod
375 925 495 980 humani
518 925 678 1000 tegebatur
801 923 889 993 Quod
901 925 1032 982 Naturae
1056 925 1131 982 duas
1155 926 1273 996 credas,

307 1010 448 1084 Corporis
472 1011 527 1066 sub
549 1011 650 1084 pallio.
842 1009 892 1066 Ius
915 1016 1072 1068 servantes
1094 1014 1260 1086 proprium.
1312 1047 1315 1054 ·

220 1130 251 1187 6.
269 1128 735 1203 Candorvestissplendorluois,
759 1129 788 1187 9.
798 1129 854 1185 Hie
870 1135 917 1186 est
930 1129 1008 1203 lapis
1022 1149 1112 1204 quem
1127 1133 1274 1188 reiectum

264 1215 323 1272 Pro
346 1221 473 1288 peceato
496 1231 615 1270 earnem
631 1213 754 1280 Crucisx
799 1215 827 1270 A
849 1213 979 1282 Indaeis,
1004 1215 1059 1272 sed
1081 1216 1212 1273 electum

306 1299 430 1356 Affixam
453 1299 610 1374 supplicio,
840 1301 925 1356 Nune
948 1301 977 1356 in
1002 1307 1092 1374 eaput
1114 1303 1229 1376 anguli,

263 1383 429 1442 Gloriosam
452 1387 510 1442 iam
534 1385 670 1441 effectam
798 1381 925 1444 Deitatis
948 1387 978 1442 in
1002 1385 1172 1459 splendore,

264 1470 450 1545 Designabet
473 1477 503 1526 et
526 1477 659 1528 evectam
799 1469 861 1526 Iuro
884 1473 978 1527 restis
1001 1469 1173 1547 indecore,

305 1555 395 1612 Verbi
417 1557 583 1630 privilegio.
841 1555 986 1613 Viderunt
1008 1555 1155 1630 discipuli.

220 1676 248 1736 7.
262 1675 363 1752 Atque
372 1676 524 1734 Christum
540 1694 596 1732 vox
611 1675 718 1744 fidelis,
738 1675 783 1734 10.
798 1675 824 1730 Α
847 1676 1004 1750 prophetis
1027 1675 1237 1751 praedicatum

262 1763 327 1818 Non
351 1761 388 1818 de
404 1764 491 1818 terris
509 1761 562 1817 sed
578 1761 615 1816 de
630 1761 732 1828 coelis
800 1759 1013 1835 Cognovernnt
1027 1763 1274 1819 transformatum

303 1848 357 1904 Dei
380 1864 491 1906 vocans
515 1847 632 1914 Filium,
837 1845 919 1902 Inter
941 1848 1092 1904 animatia:

262 1934 368 1988 Forma
389 1938 492 1988 nostra
514 1933 681 2006 pravitatis,
797 1928 881 2000 Quae
896 1931 1049 2004 Propheta
1071 1931 1272 2006 praedicarit,

262 2018 464 2074 Obumbrotse
487 2018 614 2074 Deitatis
732 2053 735 2061 s
797 2017 886 2074 Verbi
909 2017 963 2074 Dei
988 2035 1055 2075 eum
1078 2021 1201 2092 expavit
1222 2089 1234 2097 “

307 2103 436 2162 Praebet
457 2104 660 2160 testimonium
842 2103 876 2158 In
899 2121 989 2160 earne
1011 2105 1170 2178 magnalia.

429 2223 475 2280 11.
489 2221 554 2278 Tua
576 2222 633 2298 frui
655 2223 778 2289 visione,

488 2305 667 2381 Praeparari
689 2325 745 2364 nos
768 2324 905 2376 coronae,

531 2393 597 2448 Non
621 2392 760 2468 indiguos
784 2409 890 2461 annue,

490 2479 551 2536 Sed
573 2477 727 2534 haeredes·
745 2497 799 2536 nos
815 2479 960 2545 osoribus,

489 2564 523 2620 In
546 2563 672 2620 Iordane
696 2567 746 2638 qni
768 2564 909 2638 praeibas

533 2650 595 2705 Nos
619 2649 769 2724 quondam
792 2667 848 2722 per
862 2650 961 2707 Iosue.

279 2769 439 2826 Exordium
454 2767 614 2827 meditatur
633 2777 762 2844 prosam*
776 2769 933 2826 Verbum
955 2769 1017 2824 Dei
1040 2769 1118 2825 Deo
1141 2771 1274 2827 natum

99 2871 100 2876 ’
194 2885 237 2894 -
259 2857 288 2914 7.
312 2855 375 2914 Lib.
406 2853 550 2912 Christi
577 2868 660 2912 ron
706 2855 842 2911 Nes-lius:
872 2855 989 2934 forma
1017 2861 1148 2912 nostra
1177 2873 1274 2930 pur-

192 2943 345 3001 vitatis.
393 2940 439 2999 10.
464 2941 572 2996 Neale:
603 2941 784 2998 Notissimum
809 2943 866 3008 es‘t,
898 2941 975 2996 illam
1012 2941 1151 3014 Voluntas
1190 2940 1275 2998 Scri·
1374 2967 1376 2973 ⁸

187 3035 296 3106 ptarae
323 3027 487 3093 lectionem,
520 3029 569 3098 „irs
592 3026 713 3082 medium
742 3027 861 3082 duorum
885 3027 1049 3089 animalium
1072 3021 1272 3096 innotesces“,

194 3131 279 3188 quam
301 3113 495 3169 diversissime
524 3133 541 3168 a
570 3113 760 3186 scriptoribus
782 3112 868 3168 medii
891 3114 961 3168 ,ueri
981 3114 1055 3186 capi.
1099 3111 1139 3167 Hi
1159 3112 1202 3167 ad
1222 3113 1275 3168 bo·

194 3217 256 3256 vem
279 3205 309 3255 et
330 3201 441 3254 aunum
464 3201 493 3255 iu
515 3200 637 3276 stabulo,
651 3199 705 3256 ,titt
726 3197 765 3253 ad
786 3199 914 3254 latrones
936 3199 966 3254 ia
987 3199 1133 3264 muribus,
1156 3199 1209 3253 isti
1231 3198 1276 3254 ud

195 3286 251 3342 duo
284 3285 464 3342 Testamenta
499 3287 671 3340 retulerunt.
717 3284 808 3339 Pedia
835 3290 934 3339 noster
956 3282 995 3338 ad
1014 3283 1135 3355 Moysen
1157 3291 1189 3338 et
1209 3281 1274 3338 He·
1305 3337 1308 3345 ,

196 3372 263 3429 liam
286 3371 401 3443 referre
417 3372 569 3446 praetulit.
618 3370 664 3426 11.
688 3369 751 3426 Lib.
773 3369 1012 3450 praeparati.

633 3571 772 3578 ...m-m
780 3571 828 3575 --.-
835 3570 857 3576 --

281 3716 352 3774 569.
391 3703 547 3783 [Laudes
577 3703 653 3772 Deo
684 3705 779 3770 dicat
797 3724 864 3790 per
893 3701 1018 3772 eninm.
1063 3709 1096 3766 In
1119 3705 1273 3766 ‘irens-

194 3802 443 3875 siguratione
465 3801 588 3858 Domini.
633 3799 748 3856 Neole
777 3800 845 3872 Seq.
868 3818 897 3873 p.
925 3797 984 3854 154
1011 3795 1171 3852 e‘Misssli
1194 3793 1273 3850 Tra-

193 3887 318 3944 ieetensi
358 3882 456 3954 1513]
512 3885 696 3960 Sequentiam
730 3903 801 3941 sore
837 3885 981 3941 rudiorem
1015 3889 1046 3938 et
1080 3881 1273 3938 tuborisms's

95 3961 100 3970 ¹
193 3979 350 4030 scatentem
378 3974 497 4046 scripsit
525 3974 570 4028 vir
605 3973 753 4045 theologas
773 3973 875 4045 potius
904 3987 988 4047 quum
1007 3971 1102 4042 podio.
1149 3965 1210 4022 Sed
1230 3984 1272 4021 ae

138 4115 147 4126 ,
194 4058 266 4115 baec
288 4058 400 4132 quidem
417 4058 469 4132 pio
492 4057 612 4130 quodem
634 4059 740 4131 affeetu
762 4063 851 4112 earet.

194 4176 314 4236 Laudes
337 4177 400 4234 Deo
424 4176 505 4234 diest
526 4193 581 4250 per
604 4177 701 4233 omnia
730 4176 788 4232 Pro
812 4175 917 4248 elapsa
940 4172 1066 4228 coelitus
1106 4245 1110 4254 ι

195 4265 276 4326 Voce
288 4263 380 4320 iubila
392 4263 492 4320 Mater
503 4268 606 4320 nostra
617 4261 720 4320 Eeole·
732 4259 779 4318 Ad
801 4279 855 4318 nos
879 4275 954 4317 vose
971 4257 1111 4314 divinitus

398 4349 450 4438 sis,
772 4346 935 4422 Magnifica
958 4344 1062 4420 gloria.
