2904 5028
722 421 787 495 m
885 405 890 409 .

225 609 277 666 der
298 608 432 682 Heilr'perc
455 591 555 686 (ἁγνή)
577 607 658 664 nieht
679 609 731 663 mit
752 607 814 662 dem
838 606 1026 665 lateinisches
1048 621 1149 681 agne
1170 625 1206 666 cu
1222 625 1293 666 uer·

224 695 347 752 mcchscl
368 737 374 748 .
421 693 526 768 Spc'itcr
548 693 645 750 warde
667 692 799 766 Agnes
820 693 872 764 fiir
894 693 952 750 den.
971 693 1133 751 Nominctio
1155 695 1292 768 pelechen

224 781 285 837 aad
312 780 480 854 Agnetis
517 779 662 834 declinia-t.
711 778 758 835 15.
787 795 883 834 vero
912 795 1043 835 novas.
1097 779 1146 837 24.
1168 780 1290 835 focos.

224 867 275 925 25.
299 883 372 940 qua
395 863 435 932 (in
457 882 515 919 uno
540 863 610 920 God.
632 862 869 928 Mediolanensi).
915 862 965 921 26.
989 868 1134 938 tegens.

308 986 398 1042 Mone
420 985 439 1039 l.
462 1001 485 1040 c.
522 985 612 1040 Eincs
628 984 679 1039 der
701 984 853 1040 sckci'astea
875 983 979 1039 Ltedcr
1001 984 1051 1040 des
1073 985 1292 1050 h.'Ambrosc'as‚

225 1073 328 1129 dcccco
343 1071 520 1143 Arrordacap
543 1071 604 1124 aad
619 1069 738 1125 Selaima
761 1069 850 1124 durch
872 1071 953 1125 Folle
982 1069 1033 1125 der
1058 1070 1212 1126 Gedcalcea
1234 1070 1296 1126 aad

223 1157 403 1232 Benaipkeit
423 1156 485 1211 sich
508 1155 698 1212 uuszec'clmet.
768 1204 771 1213 ,

657 1320 859 1330 --›-—-·ae-——

309 1418 525 1485 Mirandum
554 1417 730 1484 laudabile
751 1448 780 1503 p.
803 1429 853 1488 91
897 1429 987 1485 Mona
1009 1429 1060 1486 III.
1086 1429 1158 1487 183:
1181 1429 1234 1486 Es.
1257 1446 1295 1486 zu
1350 1453 1362 1476 ·

224 1515 355 1572 Maeona
368 1515 415 1581 M„
433 1515 481 1569 25.
497 1515 543 1570 15.
560 1515 659 1570 Jatrt.
705 1515 948 1572 Wolcrsclreialiclc
970 1533 1031 1571 mar
1053 1517 1148 1572 dieser
1161 1515 1295 1587 Hymnus

220 1602 272 1672 scir
295 1600 341 1656 dic
362 1601 468 1656 Kirche
492 1601 729 1674 Soet-Ambroqio
760 1603 789 1655 irc
811 1601 942 1656 Mariand
969 1603 1124 1668 bestimmt,
1155 1601 1230 1656 derra
1260 1619 1294 1656 cr

223 1689 262 1752 ist
283 1686 356 1741 nach
377 1687 477 1742 reinero
493 1686 717 1760 Spraclrformcn
739 1704 793 1741 aas
815 1688 895 1740 circer
916 1688 985 1744 sehr
1006 1689 1086 1742 alten
1100 1686 1296 1758 Hondsclrrift

122 1781 126 1796 ¹
222 1771 452 1845 achselrrc'ebea,
476 1771 522 1826 dic
545 1771 617 1826 noch
639 1772 691 1825 der
714 1773 813 1844 linqua
834 1775 944 1827 rustica
964 1773 1066 1846 solqtc.
1105 1773 1154 1829 31.
1177 1770 1293 1828 adest

222 1858 608 1930 tantumpiissimus.
655 1855 703 1914 34.
727 1855 934 1929 baptismo.
1050 1891 1051 1898 .

307 2117 437 2187 Grates
467 2117 528 2184 tc'bc‘
556 2119 643 2188 Iesu
674 2140 787 2186 novos
817 2149 846 2204 p.
878 2130 927 2189 95.
972 2130 1061 2189 Mone
1091 2130 1292 2204 111.p.323.

132 2207 138 2221 “
223 2215 286 2281 (Hs.
311 2233 347 2270 zu
369 2213 512 2281 Mailand‚
536 2215 663 2271 ambros.
686 2215 761 2271 Bibl.
785 2215 825 2272 Μ.
847 2216 897 2274 25.
923 2215 976 2272 des
1002 2216 1048 2274 15.
1072 2213 1189 2282 Jahrh.)
1231 2217 1294 2274 Das

221 2301 295 2358 Lied
316 2303 356 2356 ist
376 2301 449 2356 nach
472 2299 525 2384 den
551 2301 699 2372 Schriften
722 2302 773 2357 des
795 2301 822 2356 Ιι.
845 2303 1012 2358 Ambrosius
1033 2303 1179 2376 pomam,
1203 2301 1292 2361 deren

223 2387 333 2444 Stellen
355 2385 401 2442 die
422 2387 623 2442 Bollarcdc'stea
647 2387 706 2443 und
725 2387 831 2444 Daniel
850 2389 1012 2458 cafitmere,
1042 2389 1111 2444 eber
1136 2388 1217 2444 nicht
1237 2406 1293 2445 von

220 2473 386 2530 Ambrosias
407 2471 559 2546 partialiter,
583 2475 637 2528 wie
649 2475 722 2545 jene
738 2473 897 2548 bchcoptea
909 2473 970 2528 aad
990 2473 1085 2530 dieser
1099 2475 1293 2530 eutrochia·

222 2559 278 2616 liele
298 2558 397 2629 findet,
421 2557 546 2640 contero
568 2575 622 2614 voa
645 2560 736 2614 etnam
751 2551 951 2614 tractoriarum
966 2558 1155 2616 Humanirten
1177 2560 1228 2616 des
1243 2559 1290 2616 15.

220 2645 330 2710 Jatrh„
355 2643 406 2698 der
428 2645 458 2700 irc
482 2643 625 2718 Sparsum,
648 2643 757 2702 Metrilc
779 2645 839 2703 aad
859 2645 1049 2720 secandam
1072 2646 1119 2702 die
1139 2645 1293 2702 Klassc'lccr

221 2729 396 2786 acchatmte.
410 2757 455 2766 -
467 2729 529 2786 Nos
545 2731 575 2786 in
589 2745 625 2786 ea
641 2731 798 2798 sententia,
815 2747 905 2804 quam
928 2747 1018 2804 supra
1033 2731 1162 2804 professi
1178 2749 1291 2799 sumus,

219 2831 436 2889 permanemus.
482 2815 536 2872 Vix
552 2816 617 2882 erit,
641 2816 692 2889 qui
706 2817 826 2888 penitus
842 2818 995 2890 antiquam
1008 2808 1138 2873 indolem
1153 2818 1291 2874 carminis
1342 2820 1345 2844 ¹

220 2919 280 2956 non
302 2906 456 2974 agnoscat.
504 2901 549 2958 13.
573 2901 636 2956 hic
664 2902 761 2974 quis.
806 2902 856 2960 31.
885 2907 995 2958 tacta
1025 2901 1096 2960 vel.
1142 2902 1291 2962 29—32.

220 2986 326 3045 Moue:
351 2987 485 3043 berichem
514 2987 576 3044 rich
598 2987 656 3058 auf
672 2987 733 3043 Jot.
757 2985 805 3054 21,
832 2988 855 3046 7:
885 2989 947 3044 Act.
972 2990 1001 3056 5,
1024 2989 1081 3056 15.,
1104 2990 1174 3046 aber
1194 2990 1292 3046 saecla
1321 3019 1323 3025 .

191 3060 195 3068 ’
220 3073 397 3128 semicinctia
419 3075 460 3128 ist
481 3075 527 3128 eia
558 3071 770 3130 percunctarer
799 3073 959 3132 Ausdruclc.
1003 3075 1047 3130 Ex
1067 3073 1126 3130 hoc
1147 3075 1215 3130 loeo
1237 3092 1292 3148 po-

220 3158 368 3214 tissimum
388 3161 512 3230 propter
534 3158 611 3214 male
633 3159 826 3216 artificiosam
853 3158 1010 3216 verborum
1038 3161 1293 3218 constructionem
1369 3151 1371 3162 '

219 3242 337 3300 Monius
360 3244 532 3316 suspicatus
556 3261 623 3300 esse
645 3243 763 3300 videtur
779 3245 891 3302 saeculi
907 3245 967 3301 XV.
990 3247 1141 3304 cincinnos
1158 3251 1189 3302 et
1211 3245 1291 3302 caia-

220 3329 348 3385 mistros.
386 3328 424 3384 Et
435 3329 570 3402 profecto
594 3331 731 3386 saecla
755 3332 1006 3390 semicinctia
1028 3350 1087 3388 non
1102 3333 1198 3388 solum
1212 3331 1291 3388 male

219 3413 380 3469 artificiosa
400 3415 505 3483 forent,
530 3414 584 3470 sed
607 3417 779 3489 simpliciter
801 3417 979 3474 malesana.
1017 3417 1058 3473 At
1080 3419 1146 3492 quis
1169 3417 1311 3489 tandem,

218 3499 336 3555 futurus
360 3505 406 3556 est
429 3501 513 3569 alter,
537 3503 584 3557 eui
606 3503 636 3557 in
658 3507 787 3558 mentem
816 3503 916 3558 veniat
945 3503 995 3558 illa
1025 3503 1083 3558 duo
1106 3503 1198 3559 verba
1221 3520 1291 3558 con-

219 3587 355 3659 iungere!
379 3585 441 3641 Iam
464 3587 493 3642 in
515 3586 669 3643 Thesauro
695 3587 887 3660 explicandae
918 3586 1054 3644 dictionis
1084 3590 1181 3662 gratia
1209 3587 1291 3644 dele-

215 3672 357 3744 gavimus
386 3671 426 3727 ad
448 3672 514 3728 Act.
546 3673 623 3730 XIX.
655 3671 719 3746 (per
747 3684 879 3730 errorem
907 3675 1158 3748 typographicum
1185 3672 1289 3741 XXX.)

223 3758 270 3824 11,
297 3758 347 3816 12:
371 3760 470 3817 -ito
491 3767 525 3815 at
546 3762 631 3818 etiam
646 3777 734 3833 super
757 3759 1109 3834 lanquidordcferrcntar
1130 3780 1148 3818 a
1170 3779 1291 3836 corpore

120 3832 151 3850 ⁹
220 3843 307 3908 Raeti
328 3843 447 3900 sudaria
470 3852 500 3902 ct
521 3837 735 3916 „semicinctia“
759 3853 789 3900 ct
808 3846 980 3914 recedebant
1000 3849 1036 3904 ab
1058 3849 1101 3904 eis
1124 3849 1288 3922 lanquorcs.

219 3927 381 3983 Verborem
398 3932 545 3986 sententia
567 3931 658 4002 igitur
672 3930 747 3986 haec
771 3937 833 3986 est:
856 3931 920 3988 Iam
934 3936 1054 3992 vetuste
1077 3933 1177 3991 saecla
1192 3932 1291 3994 redint

219 4017 339 4087 tegrata
362 4015 510 4072 crederes.
555 4015 630 4070 Nam
657 4017 701 4071 uti
724 4017 927 4088 apostolorum
950 4035 1024 4075 aevo
1048 4020 1131 4092 aegri
1154 4020 1291 4075 semicin-

220 4101 286 4155 ctiis
309 4098 394 4156 Pauli
416 4101 465 4158 vel
486 4101 589 4156 umbra
604 4101 685 4158 Petri
708 4103 806 4158 sanati
829 4108 907 4171 sunt,
930 4104 972 4160 ita
994 4121 1072 4162 nunc
1096 4121 1214 4173 caecus,
1238 4107 1291 4179 qui

218 4189 335 4241 vestem
356 4191 519 4260 martyrum
541 4189 649 4262 attigit,
673 4189 769 4246 visum
794 4190 916 4264 recepit.
1333 4182 1340 4194 ’
