2822 5026
725 407 753 454 X

203 561 310 640 capita
341 561 423 622 mihi
458 560 656 636 designaret.
699 559 767 622 Nec
799 559 945 635 profecto
977 560 1158 638 quidquam
1188 561 1273 624 mihi

203 663 315 744 defuit,
357 663 399 722 Et
427 663 603 738 praecipue
633 662 696 722 hoc
725 662 797 725 loco
827 663 904 724 Rev.
920 663 1087 726 -Ilecanus
1120 662 1303 726 Greith.

201 768 287 832 mihi.
305 765 525 832 nominandus
550 768 614 838 est;
652 765 747 826 cuius
769 764 937 840 insignem
959 765 1142 828 doctrinam
1169 781 1271 842 quurn

206 887 247 932 eu
263 869 340 930 teins
370 867 462 929 libris
487 866 581 928 rhoeti
611 866 763 930 homines
794 868 962 942 cognitam
992 867 1152 941 habeant,
1189 880 1272 945 quse
1311 875 1313 880 '

202 988 265 1049 ego
281 971 319 1032 'ei
335 970 413 1032 dico
442 968 570 1045 gratiae
601 984 660 1042 pro
682 969 769 1030 virili
792 973 884 1044 parte
908 969 1079 1032 conferant
1098 969 1212 1041 veiim,
1234 972 1272 1031 ut

203 1076 351 1138 sincerae
373 1071 602 1146 benignitatis,
640 1087 725 1148 quoe
756 1071 791 1130 in
825 1071 882 1132 illc
911 1087 974 1148 par
1006 1075 1061 1132 est
1094 1071 1272 1143 doctrinae,

202 1175 292 1236 fama
312 1189 417 1251 usque
439 1173 588 1248 pervolet
611 1173 733 1235 orbem.
776 1173 886 1250 ilique
900 1172 1039 1246 instuit,
1062 1173 1119 1250 qui
1134 1173 1272 1249 diiigen-

203 1282 273 1340 tam
303 1281 336 1340 ct
364 1279 528 1340 attentum
558 1291 611 1334 me
634 1274 712 1336 fecit
741 1275 775 1339 in
796 1278 829 1338 P.
851 1275 1010 1340 anderi
1033 1274 1192 1354 Oatclogc
1216 1273 1273 1336 Se-

204 1379 421 1459 quantarum,
443 1377 556 1439 multis
578 1377 768 1440 nominibus
789 1367 1053 1462 consideratione
1069 1377 1273 1454 dignissimo,

205 1487 239 1542 et
255 1481 301 1543 -de
323 1481 429 1544 tribus
453 1479 621 1542 codicibus
643 1496 712 1540 ms..
726 1480 952 1543 memorabilis
980 1479 1071 1542 illius
1092 1479 1272 1543 cantionis:

131 1627 134 1638 ,
202 1584 312 1646 Nunc
345 1583 626 1658 incipiendum
658 1586 733 1655 est,
771 1599 824 1646 me
857 1582 1055 1646 informavit.
1097 1583 1274 1644 Praeterea

205 1684 403 1752 nonnullos
426 1685 467 1746 de
489 1684 669 1747 rarissimis
693 1685 865 1746 codicibus
894 1685 997 1748 libelli
1013 1683 1275 1761 =chuentiarum

204 1788 340 1852 Notlieri
362 1787 498 1862 inspexi,
520 1803 587 1849 non
610 1791 646 1846 ut
668 1788 850 1862 scripturae
871 1787 1067 1851 varietatem
1080 1785 1274 1858 conferrem,

143 1904 147 1912 ‘
208 1888 267 1950 s'ed
299 1905 363 1968 quo
387 1893 510 1950 certam
541 1889 742 1950 sententiam
772 1889 952 1952 decorum
973 1889 1143 1971 primaeva
1165 1887 1274 1963 diepo-

207 1993 328 2057 sitione
359 1995 392 2050 et
414 1991 455 2052 de
474 1989 617 2052 materia
638 1993 711 2054 eius
734 1991 848 2065 libelii,
885 1992 915 2054 si
936 1991 1008 2054 fieri
1029 1995 1158 2067 posset,
1193 1990 1275 2052 inihi

205 2093 450 2157 constituerem.

291 2195 367 2258 siin
389 2195 529 2258 aliorum
551 2196 758 2273 benignitate
780 2201 840 2274 per
854 2197 967 2260 literas
982 2211 1116 2258 mecum
1129 2206 1273 2258 commu

206 2298 316 2361 niceta
339 2302 424 2358 sunt.
468 2297 522 2358 Uti
544 2299 639 2358 triste
662 2303 714 2358 est
735 2299 1005 2370 observantibus,
1034 2302 1167 2374 praeter
1189 2311 1274 2357 com-

205 2417 308 2464 mune
337 2399 485 2461 omniurn
515 2401 687 2462 hominurn
716 2405 887 2477 peccatum
918 2401 1020 2462 etlam
1047 2401 1175 2476 priuata
1196 2397 1278 2461 vitis

206 2503 390 2566 hereditate
413 2504 597 2578 propagari,
620 2504 665 2564 ita
687 2503 867 2566 iucundum
889 2503 1078 2564 videntibus
1093 2502 1277 2566 bonitatem

208 2605 445 2682 caritatemque
482 2619 542 2681 per
578 2621 702 2681 genera
738 2606 909 2670 hominum
946 2607 1066 2669 virere.
1115 2604 1189 2664 Non
1223 2606 1279 2664 est

207 2722 321 2770 mcum
344 2722 517 2782 exponere,
536 2710 575 2770 ut
598 2705 800 2784 Georgius
816 2709 943 2780 Thilo,
964 2709 1046 2770 Phil.
1061 2707 1114 2768 Dr.
1131 2703 1278 2781 et-tiym·

208 2809 294 2882 nesii
315 2808 580 2885 Numburgeneis
605 2811 747 2886 Collega,
770 2813 798 2871 b.
821 2811 924 2886 patris
946 2809 1146 2872 industriam
1165 2817 1203 2866 et
1222 2805 1279 2868 do-

208 2911 346 2972 ctrinam
371 2909 571 2974 domesticas
595 2913 690 2988 quasi
720 2913 859 2974 virtutes
889 2913 1026 2974 haheat:
1063 2911 1121 2971 ssd
1150 2907 1279 2985 meodi-

208 3013 353 3075 oandutn
377 3016 435 3084 est,
459 3013 546 3090 quod
568 3014 687 3076 endem
709 3015 908 3090 benignitas,
930 3031 996 3092 qun
1017 3017 1111 3090 pater
1127 3025 1278 3088 enganna

207 3129 342 3192 semper
363 3129 444 3176 usus
467 3120 526 3188 est,
545 3115 583 3179 in
605 3117 709 3178 filium
724 3118 864 3178 transiit.
908 3117 1009 3178 Cuius
1023 3117 1173 3177 reinone
1188 3112 1280 3174 testi-

210 3217 323 3276 monia
356 3217 438 3280 mihi
471 3218 661 3280 afferuntur.
693 3219 765 3278 ·Vir
799 3220 1010 3280 doctissimus
1039 3218 1141 3289 enim,
1178 3230 1280 3293 quum

208 3319 417 3380 menselulio
441 3320 539 3400 huius
562 3321 794 3382 enniBernam
817 3338 854 3382 se
872 3321 1042 3392 conferret
1058 3324 1101 3379 ut
1115 3316 1280 3380 inhiblio-

151 3477 153 3482 .
211 3421 309 3488 theca
341 3421 413 3480 eius
444 3423 535 3497 urbis
568 3423 698 3484 codices
725 3423 943 3500 philologicos
970 3423 1160 3498 inspiceret,
1192 3417 1282 3479 facil*

210 3523 326 3585 limum
357 3541 397 3584 se
423 3525 576 3600 praebuit
606 3525 688 3586 mihi
717 3525 866 3602 roganti,
902 3528 939 3584 ut
961 3525 1116 3586 (lodicum
1137 3522 1195 3584 No.
1217 3515 1281 3583 455

210 3617 343 3698 (muner
365 3626 386 3686 Ι.
409 3643 438 3701 p.
463 3619 536 3698 161)
565 3628 666 3688 vellet
687 3628 839 3687 invisere.
885 3629 921 3687 In
945 3643 1009 3704 quo
1032 3625 1158 3698 codice,
1182 3625 1283 3700 origi-

210 3743 288 3790 nem
311 3727 464 3789 trahente
488 3745 528 3788 ex
549 3744 635 3790 saec.
657 3731 709 3790 ix.
731 3729 872 3790 necdum
887 3729 1027 3800 vocitato,
1050 3727 1146 3789 multi
1168 3728 1285 3788 insunt

211 3830 327 3904 hymni
350 3831 546 3908 antiquitate
570 3835 603 3892 et
626 3833 814 3908 argumenti
837 3831 999 3908 grauitate
1014 3831 1173 3906 insignes.
1217 3828 1283 3889 Va»

82 3966 84 3970 ·
209 3933 278 3994 ries
301 3932 461 3994 lectiones
485 3933 562 3995 inde
586 3934 741 3994 collectas
765 3935 800 3994 in
815 3932 1006 4010 appendice
1029 3931 1128 3994 huius
1144 3931 1283 3992 volumi-

209 4033 263 4096 nis
285 4034 439 4108 prudenti
462 4035 623 4096 lectorum
645 4035 765 4096 iudicio
790 4037 891 4096 trado.
935 4035 1023 4107 Inde,
1047 4049 1211 4112 qnaeego
1225 4033 1284 4092 ad-

211 4151 329 4198 versus
352 4137 546 4199 audaciores
571 4138 777 4200 coniecturas
794 4139 867 4210 dini,
891 4137 1088 4211 saepissime
1104 4149 1284 4196 essecom-
1324 4167 1330 4171 ·

211 4237 350 4312 probata
372 4240 461 4300 laeto
484 4239 595 4300 animo
617 4241 780 4314 profiteor.

211 4391 214 4400 ,
297 4341 397 4404 Porro
420 4341 505 4402 alius
528 4341 585 4414 vir,
609 4343 703 4402 ciuus
725 4342 791 4402 iam
806 4340 846 4400 de
863 4340 1034 4401 Thesauro
1054 4338 1284 4415 mcnmgraco
