2772 5024
610 362 782 508 m..

149 665 151 670 ,
172 623 279 680 Ultimo
295 620 358 716 xdie,
382 637 450 679 oium
471 621 522 678 'dle
548 618 745 695 Resurgendo
768 619 892 687 fulserit,

172 709 236 764 Non
257 725 380 765 reorum
403 711 485 764 sorte
507 705 600 764 sinoti
620 706 827 780 Mancipemur
848 705 982 772 Tartaro,

174 792 232 850 Sed
253 793 368 850 urbano
392 793 559 850 lucislooo
581 792 766 865 Depntemur
780 791 873 848 liberi.
919 855 924 860 ,

69 911 71 916 ’
117 897 151 955 25
172 897 254 953 Tunc
276 896 374 952 honor
395 893 514 968 duplex,
539 893 609 951 dum
632 895 750 952 Sanctis
773 894 870 968 Digna
892 909 1007 949 merces
1030 891 1177 952 redditur:

171 983 237 1040 Non
259 981 389 1057 indignis
412 981 490 1036 mala
512 980 598 1036 nobis
628 980 783 1055 Obligent,
806 996 884 1054 quae
907 981 1070 1054 gessimus:

173 1067 233 1125 Sed
254 1065 389 1124 mutandi
411 1067 626 1124 transferamur
651 1066 694 1122 Ex
715 1065 774 1122 fide
798 1063 953 1122 sideribus.

170 1169 306 1228 Laudem
329 1170 385 1227 soli
407 1169 496 1226 Trino
520 1169 617 1225 fantes
640 1169 758 1224 Numini
780 1166 992 1234 multimodam,
1049 1186 1052 1192 ·

171 1256 311 1330 Spiritus,
334 1255 495 1330 Patrisque
518 1259 549 1310 et
570 1254 650 1328 Agrii
674 1254 745 1310 Mox
767 1252 868 1328 adepti
891 1253 1052 1320 dexteram,

116 1341 152 1400 dd
172 1340 379 1408 Gaudeamus,
404 1340 570 1396 exultemus
598 1339 718 1396 Affatim
740 1357 795 1413 per
818 1341 928 1397 secula.

549 1463 747 1478 ‘'m—-

309 1531 449 1601 Ubrr'ete
471 1555 554 1602 vere
579 1552 648 1602 reo·
674 1533 898 1604 Sanctorum.
942 1535 992 1602 M.
1093 1537 1096 1548 '

264 1636 296 1688 ln
314 1635 399 1690 Festo
419 1635 467 1689 SS.
488 1635 624 1690 Servandi
644 1642 672 1690 ct
691 1635 824 1690 Germani
842 1635 946 1690 XXIII.
966 1635 1028 1690 Oct.

171 1751 303 1818 Christe,
318 1767 396 1807 -rere
418 1749 482 1806 Rex
504 1750 694 1820 Sanctorum,
725 1751 763 1806 Et
785 1755 919 1806 sacrator
941 1750 1116 1824 Martyrum,

172 1837 220 1894 Tu
243 1849 281 1894 es
300 1837 410 1892 veritas
431 1840 465 1893 'et
486 1837 534 1893 via
560 1837 689 1911 Vitaque
712 1835 909 1894 credentium:

119 1928 123 1940 ⁸
162 1922 219 1979 .Tu
241 1917 414 1996 optantibus
437 1919 492 1978 das
513 1927 615 1979 votum
637 1922 674 1978 Et
695 1922 794 2004 beatis
815 1920 957 1994 bravium

150 2041 238 2098 -Tibi
259 2039 381 2097 laudum
402 2045 473 2098 vota
495 2039 599 2114 pandit
622 2042 736 2098 Cuncta
759 2041 847 2096 chors
868 2037 1028 2096 Fidelium:

132 2127 150 2186 t
173 2127 233 2198 Qui
256 2125 408 2184 Seruando
432 2131 463 2182 et
485 2126 632 2183 Germano
659 2127 761 2182 Robur
782 2141 850 2181 mox
872 2127 1008 2181 eximium

95 2235 98 2238 ·
174 2213 370 2280 concessisti,
393 2217 426 2268 ut
448 2211 632 2289 triumphent
654 2210 828 2268 Dimicando
852 2209 994 2267 Zabulon.

468 2331 483 2361 tt
637 2330 651 2362 ἡ(
804 2329 818 2360 ’k

174 2417 289 2475 Nobilis
311 2433 366 2491 per
387 2417 495 2475 vulnus
517 2417 648 2491 amplum
669 2415 761 2473 Porta
787 2417 874 2472 iustis
896 2415 1052 2490 panditur:

177 2503 320 2578 Quosque
343 2503 480 2560 Christus
504 2501 670 2582 candidatis
699 2503 857 2578 Aggregat
879 2501 1061 2570 cohortibus
1171 2505 1175 2514 ‘

177 2589 287 2646 Miscet
310 2589 413 2645 choris
430 2589 623 2664 Angelorum,
654 2589 692 2644 Et
716 2592 839 2645 coronat
860 2589 1009 2662 praemiis.
1107 2587 1111 2597 “

120 2709 158 2768 10
177 2708 260 2766 State
282 2725 370 2776 nunc,
394 2709 563 2782 hymnistae
587 2710 696 2776 cuncti,
733 2709 823 2774 Voce,
847 2708 934 2775 votis,
958 2723 1097 2762 munere:

177 2795 277 2870 Atque
299 2797 328 2852 in
350 2793 470 2850 laudem
492 2794 669 2851 Sanctorum
691 2795 754 2850 Vox
777 2797 951 2848 cunctorum
973 2793 1105 2858 insonet3

179 2881 222 2936 Sit
244 2879 309 2938 dies
331 2880 407 2937 haec
430 2881 507 2938 festa
521 2879 615 2956 nobis,
641 2881 685 2937 Sit
708 2883 859 2936 sacratum
881 2877 1032 2954 gaudium.

180 2999 281 3058 Gloria
302 3000 367 3056 Deo
381 2997 510 3070 ,Parenti
534 3005 590 3058 etc.

548 3114 730 3125 ,......-..—-u

404 3157 558 3247 norton,
577 3159 725 3246 fidelissi,
747 3159 897 3226 millario.

398 3277 405 3293 ι
521 3260 566 3314 De
584 3259 611 3314 S.
630 3259 777 3330 Dionysio.

177 3375 296 3432 Fortem
318 3371 436 3441 fidelem
459 3374 590 3442 militem,
667 3382 673 3391 ‘
712 3373 844 3430 Tenetur
866 3389 884 3430 a
911 3372 1072 3448 gentilibus

180 3461 255 3518 coeli
278 3464 415 3518 secutum
441 3461 613 3534 principem,
716 3459 827 3516 Christi
849 3459 973 3533 placens
997 3458 1155 3514 altaribus:

179 3547 355 3620 Dionysium
377 3551 538 3620 martyrem
612 3579 613 3586 ι
655 3545 692 3604 15
716 3561 816 3600 amore
839 3548 942 3600 tantae
966 3543 1080 3617 gloriae

179 3631 265 3706 plebs
285 3629 385 3697 corde,
408 3648 483 3687 voce
497 3637 649 3704 personet.
714 3630 830 3705 palmas
852 3629 981 3686 libenter
1008 3630 1129 3703 excipit,

141 3749 158 3808 5
180 3751 332 3808 Clemente
354 3750 448 3810 Roma
474 3751 613 3823 praesule
713 3749 811 3806 Unum
833 3747 914 3824 quod
940 3749 982 3804 illi
1005 3747 1108 3816 deluit,

180 3836 217 3892 ab
240 3835 313 3892 urbe
336 3837 445 3892 missus
468 3835 571 3903 adsuit,
715 3853 769 3908 pro
791 3851 865 3909 rege
889 3833 966 3890 colla
988 3833 1128 3892 tradidit:

179 3921 262 3978 verbi
286 3923 406 3995 superni
434 3922 554 3980 semime
714 3919 904 3976 dilectionem
925 3921 1066 3993 pectoris.
1098 3931 1102 3934 ’

111 4065 118 4072 ,
181 4012 214 4062 ut
235 4007 350 4064 fructus
377 4011 460 4063 esset
482 4005 605 4062 Galliae.
666 4006 831 4064 locervioe
855 4021 945 4064 caesa
967 4003 1107 4078 prodidit.

183 4125 265 4200 Opus
289 4131 439 4183 sacratum
461 4127 616 4193 construit,
715 4125 844 4198 Magnus
861 4123 1013 4192 sacerdos,
1030 4125 1081 4200 qui
1097 4122 1188 4180 dabat
1300 4171 1305 4176 ,

127 4209 163 4286 ¹⁰.
181 4210 268 4269 fidem
292 4211 381 4268 docet
409 4211 607 4286 baptismatis,
716 4209 819 4284 templi
843 4215 961 4266 sacrata
983 4226 1116 4276 munera,

183 4295 235 4353 sed
257 4297 438 4354 audientium
462 4298 592 4372 caecitas
714 4297 780 4351 fuso
803 4294 892 4351 beato
922 4295 1067 4370 sanguine

183 4382 430 4461 munus'repellit
453 4383 580 4439 seminis.
608 4405 611 4415 <
717 4385 765 4438 est
786 4379 883 4438 factus
906 4381 972 4455 ipse
992 4381 1122 4446 victima.
1186 4426 1191 4450 ,
