2732 5026
448 457 634 561 ,aas

94 675 98 684 .
142 641 249 698 Natalis
271 643 314 698 tui
337 657 435 698 annua
670 637 782 696 Parte
805 653 906 694 sumus
930 639 1099 713 terrigenae

93 727 125 784 10
143 744 177 782 en
197 727 318 787 colimus
341 726 505 793 sollemnia,
671 724 818 798 simulque
839 725 899 780 iam
920 724 1104 798 coeligenas,

142 830 196 887 qno
218 814 311 888 stirpe
334 811 516 871 electissima
609 809 646 868 15
668 811 770 884 pacati
790 826 866 884 pace
888 808 979 866 nobili

61 941 65 946 .
142 896 243 954 mundo
266 897 377 954 fulsisti
401 897 511 972 genita.
670 912 751 950 more
773 893 990 951 inaestimabili.

426 1016 472 1072 Sit
494 1015 630 1072 trinitati
654 1014 758 1089 gloria,

311 1118 318 1126 ’
429 1103 468 1158 sit
480 1117 599 1174 semper
613 1116 648 1156 ac
658 1101 783 1156 victoria

427 1188 457 1243 in
480 1187 593 1242 unitate
616 1183 712 1242 solida

359 1272 401 1332 20
422 1289 478 1348 per
501 1271 688 1328 saeculorum
712 1269 839 1327 saecula.
890 1269 893 1283 '

158 1391 259 1449 Const.
282 1393 313 1450 in
343 1390 545 1466 Conceptione
575 1391 632 1446 Μ.;
677 1390 706 1450 5.
731 1406 897 1463 emerge.
942 1387 976 1448 K
999 1407 1139 1463 merge.

14 1487 20 1502 ⁸
87 1475 434 1553 ilconceptustni.
483 1479 529 1534 11.
553 1475 685 1534 electi.
731 1477 765 1532 K.
790 1475 1066 1532 allectissima.
1093 1476 1139 1535 12.

86 1565 214 1637 genita.
260 1563 464 1638 ngntia.

313 1720 455 1792 Obriatc
478 1722 652 1791 coeloram
674 1724 822 1807 npmc'aa
866 1719 929 1788 K·

482 1823 527 1878 De
546 1823 573 1876 S.
591 1823 731 1876 Mauritio.

137 1937 255 1994 Christo
278 1937 431 2004 coelorum
454 1939 573 2012 agmina
670 1935 819 1992 Plaudent
840 1936 955 1992 honore
978 1936 1084 1994 coelici

136 2022 207 2080 dent
228 2022 335 2080 laudes
358 2029 389 2080 et
411 2023 557 2090 mortalia,
610 2021 648 2080 10
672 2021 806 2079 canendo
828 2021 923 2078 melos
946 2020 1034 2093 obvii,

136 2127 200 2166 cum
216 2109 318 2166 multis
335 2113 439 2183 septus
455 2109 583 2166 millibus
671 2108 799 2166 tendunt
820 2112 850 2164 et
871 2107 958 2164 ulnas
982 2105 1083 2182 gaudii

136 2194 253 2254 scandit
275 2200 359 2252 astra
380 2194 548 2252 Mauritius.
671 2196 752 2252 vitae
775 2193 920 2250 ducentes
942 2195 1087 2268 principe.

99 2313 277 2372 5Thebaea
298 2315 368 2371 felix
390 2315 471 2390 legio
672 2314 718 2370 Sis
742 2315 835 2369 nostri
857 2329 969 2370 memor
992 2311 1118 2382 domina,

135 2417 239 2458 cruore
262 2405 382 2474 compta
400 2395 520 2456 muricis
674 2399 743 2454 dnm
765 2401 873 2474 pangis
897 2415 975 2474 agno
998 2401 1126 2467 cantica,

134 2488 240 2544 victrix
255 2485 398 2560 triumphi
413 2486 517 2542 laurea
611 2483 647 2542 15
671 2489 812 2560 gravatos
837 2482 925 2541 sorde
947 2484 1043 2540 libera
1128 2517 1144 2530 ,
1240 2509 1252 2518 -

134 2571 192 2629 fide
215 2573 315 2630 vicisti
337 2577 444 2628 terrea.
673 2569 799 2626 delendo
822 2571 926 2626 mortis
949 2571 1079 2626 crimina.

377 2691 465 2749 Salve
487 2690 577 2746 beata
598 2690 727 2747 Trinitas

378 2777 465 2834 simul
487 2781 518 2833 et
540 2793 599 2832 una
621 2777 734 2843 Deitas,

377 2865 445 2921 viva
468 2863 595 2920 creatrix
618 2861 771 2920 saeculum

314 2949 356 3008 20
379 2951 430 3024 qui
452 2963 561 3024 regnas
583 2953 771 3022 perpetuum.

510 3083 646 3092 -----—

78 3141 172 3210 aaa
188 3141 323 3212 coroa·
339 3101 481 3232 qnando
492 3141 585 3228 fides
600 3144 731 3210 muodo
747 3145 885 3230 poesim
901 3143 1064 3210 bodam.
1095 3141 1141 3210 11.
1204 3155 1207 3160 ·

342 3245 426 3298 Thes.
444 3243 465 3299 1.
483 3261 510 3312 p.
528 3246 587 3300 262.
622 3243 666 3296 De
686 3245 712 3297 S.
729 3243 871 3296 Mauritio

155 3359 242 3416 Alma
265 3359 375 3416 Christi
399 3355 518 3434 quando
541 3355 616 3416 fides
639 3355 747 3414 mundo
769 3357 883 3431 passim
905 3355 1041 3424 traditur,

157 3451 186 3502 et
206 3462 263 3520 per
283 3445 362 3502 latos
380 3445 465 3502 (orbis
487 3445 563 3510 fines
585 3445 654 3518 igne
676 3443 807 3518 flagrans
829 3443 937 3510 floruit,

156 3537 226 3587 tunc
251 3529 343 3605 elegit
365 3529 420 3586 sibi
441 3535 559 3604 gratum
574 3529 704 3610 militem
725 3527 911 3584 Mauricium.

157 3649 213 3720 Qui
235 3650 358 3706 loricam
380 3648 439 3706 fide
462 3650 666 3710 textamrforti
688 3653 812 3722 gestans
834 3650 965 3720 pectore,

118 3733 136 3789 5
157 3753 216 3810 qua
237 3731 329 3792 beata'
350 3733 558 3792 Thebaeorum
580 3733 722 3794 induebat
745 3733 872 3808 agmina,

157 3820 194 3902 ad
217 3821 368 3901 coelorum
389 3830 423 3878 ut
445 3825 600 3878 consortes
623 3821 761 3878 incitaret
779 3819 923 3894 praemia.

155 3939 271 4017 Martyr
293 3931 380 4000 sacer
402 3960 461 4018 quo
484 3943 603 4000 vocavit
624 3940 754 4014 inclytus
773 3938 936 3996 Mauricius

157 4045 258 4086 omnes
282 4027 370 4084 simul
392 4029 479 4102 qnasi
501 4045 578 4084 nnus
600 4028 645 4084 vir
667 4025 761 4094 (dictu
783 4021 928 4090 mirabile)

40 4135 44 4144 ¹
157 4112 195 4170 ad
217 4129 357 4170 coronam
378 4111 606 4188 promerendam
627 4110 830 4186 properabant
852 4110 988 4168 coelitus.

103 4227 138 4286 10
158 4229 239 4290 Tunc
262 4233 367 4289 armati
390 4231 515 4307 spiritali
538 4249 610 4289 ense
633 4231 744 4288 Christi
765 4231 873 4298 militas

55 4369 57 4376 ,
159 4318 365 4376 submittentes
388 4319 470 4376 velut
492 4335 588 4392 agnus
610 4319 661 4391 pia
683 4317 761 4373 coila
782 4316 921 4390 iugulos

158 4404 378 4480 triumphabant
400 4402 539 4460 trucidati
562 4407 664 4478 spreto
687 4401 787 4459 mnndi
810 4401 950 4476 principe.
