2788 5024
650 523 656 534 u

75 616 105 684 ‘l.
120 625 245 684 Sursum
268 621 360 682 corda
383 623 557 698 dirigamus,
614 622 643 680 a.
659 623 756 678 Homo
780 623 858 680 vitae
882 624 1051 697 singularis,

44 713 47 724 '
119 716 153 768 ut
175 727 275 776 amore
297 711 466 768 ferveamus
654 707 830 782 disciplinae
853 709 994 766 salutaria

116 796 187 854 Iesu
210 795 321 853 Christi
345 794 463 851 domini.
597 810 605 828 ¹
656 799 703 850 est
726 793 854 868 adeptus
878 798 1013 870 gratiam.

118 881 230 940 christi
254 874 373 956 semper
394 881 424 938 in
446 879 560 938 honore
653 879 731 936 Vixit
754 885 847 947 caste,
871 881 943 937 vixit
965 884 1013 956 pie

115 969 230 1043 psallat
251 973 360 1035 mente,
383 966 495 1041 psallat
518 983 578 1034 ore,
650 965 761 1022 Sacrae
784 967 895 1041 virgini
913 967 1026 1024 Mariae
1061 976 1069 985 ‘

119 1055 170 1128 qui
194 1052 357 1110 concordat
378 1053 497 1109 nomini.
656 1056 834 1108 construens
858 1053 1025 1113 ecelesiam.

77 1176 106 1234 2.
123 1174 193 1248 Ipse
214 1173 281 1230 laus
305 1177 362 1229 est.
374 1171 557 1247 angelorum,
617 1171 644 1229 6.
659 1171 793 1227 Kilianus
817 1173 981 1240 seminavit,

117 1261 183 1333 ipse
206 1259 288 1316 salus
310 1258 483 1324 electorum,
655 1255 737 1330 quod
758 1256 951 1314 Burchardus
974 1261 1117 1333 irrigavit,

118 1346 184 1418 ipse
207 1359 277 1417 spes
301 1347 332 1400 et
354 1343 457 1417 gloria.
657 1341 737 1416 quod
761 1341 942 1416 Gumpertus
965 1347 1098 1423 messuit.

118 1429 239 1486 Laudes
263 1445 335 1503 ergo
360 1428 519 1486 salvatoris
656 1427 764 1484 Semen
787 1434 852 1486 arat
874 1429 996 1488 verbum
1019 1431 1082 1499 Dei,
1184 1421 1202 1502 J

116 1516 146 1571 in
169 1513 530 1589 Gumperti·eonfessoris
655 1515 764 1570 messis
786 1515 901 1572 fructus
925 1513 1049 1581 sanctae
1072 1520 1146 1592 spei,

118 1602 280 1676 pangimus
302 1601 450 1658 memoria
489 1675 492 1681 Ι
655 1617 720 1674 qua
739 1598 922 1674 Gumpertus
945 1603 1048 1676 viguit.

74 1721 104 1779 3.
121 1721 175 1777 Ille
197 1721 261 1777 Deo
284 1720 443 1778 militavit.¹
618 1718 688 1776 7.0
712 1718 885 1793 Gumpcrte,
910 1721 1099 1794 suffragator,

117 1804 360 1872 vieitmuudum,
384 1805 582 1878 triumphavit
658 1809 723 1860 esto
747 1805 831 1862 nobis
855 1806 1035 1874 consolator,

120 1890 278 1946 debellatis
300 1889 448 1947 hostibus.
658 1889 782 1946 subveni
806 1891 1013 1946 clamantibus.

119 1977 230 2032 Hostes
254 1980 338 2031 erant
361 1977 458 2032 earnis
482 1982 589 2044 motus,
655 1973 703 2029 Ad
724 1981 852 2048 peecata
874 1975 1047 2034 redimenda

119 2061 228 2134 quibus
250 2061 314 2118 Deo
336 2062 382 2118 vir
404 2061 531 2118 devotus
655 2066 707 2116 tuo
729 2063 795 2134 regi
818 2078 872 2117 nos
896 2063 1071 2120 commenda

117 2147 230 2204 restitit
251 2146 472 2232 instantibus..
523 2193 526 2199 ,
655 2147 768 2202 meritis
792 2152 823 2204 et
843 2141 992 2221 precibus.

78 2266 107 2324 4.
123 2265 197 2322 Cum
220 2265 257 2322 ad
279 2265 369 2323 fidem
391 2267 570 2334 traheretur,
616 2268 645 2325 8.
662 2265 751 2346 Audi,
774 2266 853 2335 Iesu,
878 2269 1092 2342 supphcantes,

117 2369 154 2408 ne
178 2369 196 2408 a
216 2350 276 2408 fide
298 2351 459 2420 laberetur,
654 2351 724 2408 audi
746 2358 815 2410 tuae
837 2354 1027 2427 postulantes

117 2436 232 2495 domuit
254 2438 394 2497 carnalia.
656 2439 721 2512 opis
746 2437 933 2507 adminicula,

116 2521 296 2579 Festinando
320 2521 358 2578 ad
382 2524 510 2579 salutem
654 2523 691 2578 Et
713 2523 852 2597 placatus
875 2525 922 2581 his
945 2529 1079 2600 patronis

117 2605 155 2662 de
178 2609 289 2664 virtute
311 2609 342 2663 in
364 2609 504 2665 virtutem
560 2621 570 2690 j
655 2607 694 2664 ad
716 2625 864 2684 supernae
886 2612 1009 2668 visionis

114 2694 217 2765 posuit
239 2693 376 2768 vestigia.
487 2715 490 2724 ¹
653 2691 713 2750 duc
736 2713 791 2752 nos
813 2695 993 2754 habitacula.

158 2947 229 3008 564.
276 2937 368 3020 [ilem
393 2936 582 3007 oswaldus
621 2941 667 3008 cb
697 2940 898 3026 Anylorum.
948 2953 991 3012 De
1023 2957 1050 3017 S.
1082 2959 1148 3016 Os·

74 3035 211 3094 waldo.
256 3033 345 3093 Thes.
368 3033 404 3094 Il.
428 3054 456 3110 p.
482 3035 559 3106 161]
1072 3033 1075 3040 “

153 3306 233 3366 [565.
265 3297 333 3374 [Ad
359 3297 528 3367 honorem
557 3302 682 3366 matris
710 3299 787 3368 Dei.
832 3313 866 3370 ln
888 3315 1063 3376 Festivitate
1086 3320 1150 3380 Ni-

72 3394 140 3452 vrs.
180 3391 270 3450 unes.
292 3391 329 3450 11.
351 3410 381 3467 p.
401 3391 487 3462 1131

161 3594 233 3656 566.
264 3585 446 3664 [Laetetur
467 3587 572 3656 bodie
593 3592 719 3658 matris
743 3591 914 3660 ccclesiae
937 3601 1065 3664 canelo
1088 3542 1153 3667 dc!-

75 3672 180 3740 voliO.
224 3681 259 3739 ln
282 3680 635 3758 Transfiguratiouc
658 3687 783 3748 Domini.
828 3687 944 3746 Neale
968 3692 1036 3768 Seq.
1054 3695 1154 3768 p.1l7

73 3783 90 3824 e
113 3767 231 3826 Missali
254 3766 414 3826 Leodiensi
441 3767 541 3838 lala]
761 3767 764 3772 ’

84 3889 111 3946 1.
128 3887 295 3945 ,Laetetur
315 3886 532 3960 hullemann
555 3891 709 3950 Ecclesiae
733 3899 838 3950 saneta
860 3891 992 3953 devotio:

143 3973 357 4032 Anniversaria
378 3973 497 4032 reduxit
519 3975 629 4050 gaudia
651 3977 897 4054 Transfiguratio‚

75 4089 105 4149 2.
145 4090 281 4166 Superna
302 4093 378 4152 visio
401 4095 431 4150 in
455 4098 615 4170 supercilio
638 4099 747 4156 montis
770 4100 924 4174 apparuit:

138 4175 221 4234 Deus
244 4181 274 4234 in
296 4179 426 4248 homine,
450 4199 554 4238 verum
575 4185 605 4239 in
627 4184 737 4242 lumine
759 4184 874 4242 Lumen
897 4188 1091 4262 resplenduit.

73 4293 102 4353 3.
141 4295 240 4354 Adest
261 4309 336 4372 prae¹
356 4300 451 4356 oculis
474 4302 570 4359 tribus
593 4301 750 4378 discipulis
773 4305 862 4362 Verbi
886 4305 1037 4376 divinitas;

136 4373 275 4440 Illustrat
296 4385 427 4454 saecula,
450 4393 568 4444 remota
589 4387 706 4457 nebula,
731 4390 838 4447 solaris
861 4391 992 4452 claritas.
