2848 5030
158 561 206 624 16.
227 559 399 622 Invenimus
415 576 512 638 quem
534 561 611 629 aito,
635 561 780 626 virtutum
794 568 933 632 aromata
955 565 987 627 ai
1002 577 1226 639 praeparamus,

158 648 206 707 16.
230 645 347 716 Quod
340 663 406 722 rpse
428 650 563 722 praestet
583 648 661 721 pius

241 749 706 808 Monel.l66.'1'itulumof.
724 747 777 808 No.
801 751 829 808 8.

590 963 792 970 Μ

96 1182 103 1195 .
137 1151 141 1157 ,
241 1123 290 1182 44.
315 1111 416 1200 [Aqui
448 1113 632 1200 parobolis
665 1131 740 1180 eeu.
784 1123 870 1180 Fen‘a
892 1122 1225 1182 serta-Pasehetis.

151 1209 186 1268 B.
209 1209 395 1276 Notkeri,
418 1209 512 1264 tituli:
538 1201 708 1278 Graeca]
769 1263 773 1275 ,

241 1293 330 1354 Thes.
352 1293 388 1352 H.
415 1293 461 1352 11.
484 1293 554 1353 383.
583 1291 718 1352 111.286.
763 1293 829 1350 Una
844 1311 880 1350 er
894 1293 963 1368 Seq.
978 1293 1110 1355 Notlreri.
1133 1295 1224 1355 Mone

30 1409 33 1414 ·
150 1379 175 1438 1.
198 1379 267 1437 207.
312 1379 518 1438 uersuta.
562 1377 679 1464 Titulus
702 1378 807 1436 modos
831 1383 950 1452 spectat
971 1381 1110 1441 musicos.

236 1651 287 1712 45.
313 1641 394 1724 [Eia
415 1623 620 1728 momentu,
653 1643 751 1728 socii,
785 1642 931 1708 laudum
951 1643 1105 1712 resonis.
1149 1655 1223 1712 Sab-

151 1739 223 1794 bato
246 1739 276 1794 in
300 1737 393 1796 Albis.
436 1737 470 1796 B.
492 1736 678 1804 Notkeri‚
702 1737 796 1820 tituli:
820 1736 889 1794 Eia
910 1731 1054 1808 turma]

177 1859 203 1916 1.
224 1855 471 1924 Eia'harmoniis,
495 1857 577 1923 socii,
601 1854 723 1912 laudum
745 1857 860 1914 resonis
1249 1917 1251 1920 ,

173 1942 201 2001 2.
223 1943 319 1999 Huius
360 1939 515 2040 splendide
559 1943 710 1998 vernantis
753 1942 938 2000 celebremus
983 1941 1094 2018 gaudia
1135 1945 1246 2036 simul!

169 2113 201 2172 ’6.
222 2112 256 2168 In
274 2032 515 2210 *quowpffiroibles’t
529 2109 669 2170 eoelestis
701 2127 756 2186 per
787 2112 939 2170 Christum
971 2117 1057 2187 patet
1087 2119 1222 2172 reserata

129 2334 133 2340 .
172 2285 201 2342 1.
217 2283 308 2340 'Nune
332 2215 425 2356 36666
446 2197 563 2338 66668ιο
595 2283 650 2338 sibi
672 2283 776 2356 raptos
797 2283 888 2359 plaga
915 2285 1035 2352 mortis,
1072 2301 1148 2360 quos
1180 2259 1245 2342 asss

117 2439 123 2445 ι
355 2368 428 2424 flixit
450 2367 637 2435 vernaculos,
667 2385 693 2416 ι-

81 2513 84 2517 ,
172 2453 201 2514 5.
223 2454 285 2510 Nos
309 2458 409 2510 autern
430 2453 595 2509 referamus
626 2465 764 2526 supremo
788 2457 889 2528 grates
912 2456 992 2529 regi,
1024 2455 1075 2530 qui
1097 2469 1222 2512 noere-
1301 2495 1305 2502 ·

357 2537 449 2596 demit
469 2537 619 2598 barathro.
750 2601 754 2616 ,
1174 2569 1176 2572 -

103 2657 111 2666 =
175 2623 204 2683 6.
225 2623 262 2681 Et
284 2625 336 2699 qui
358 2640 413 2698 per
435 2623 586 2680 Christum
608 2625 753 2696 canopica
775 2641 857 2680 more
879 2623 1057 2682 ludaeorum
1080 2624 1222 2683 solvimur

175 2793 202 2853 7.
224 2725 480 2867 Μειιιιιιῗιιθιῗῖἑι
501 2809 730 2867 praeparemus,
761 2795 893 2866 typicam
915 2798 949 2850 ut
970 2793 1156 2852 immolemus
1178 2797 1221 2854 vi-

172 2965 199 3023 8.
222 2963 314 3021 Ouius
337 2877 673 3022 ιξιιιὶοῐῖἓωειοιιιειιιοιο
628 2964 824 3038 toinsigniti
836 2967 917 3021 ment
917 2965 950 3020 ia
904 2962 1053 3020 tdomo

171 3049 200 3108 6.
222 3049 288 3106 Non
311 3067 455 3124 pavemus
477 3049 585 3191 angelit
599 3051 700 3106 ensem
722 3050 804 3124 pleet
805 3050 882 3106 entis
904 3067 972 3106 reos
995 3048 1151 3110 vindicem.

152 3133 198 3194 1⁰.
221 3135 258 3192 lit
282 3133 372 3210 digne
394 3135 585 3210 mysticisut
551 3136 671 3192 ueius
695 3135 850 3209 epulemur
872 3130 1021 3204 carnibus,

151 3221 198 3280 11
220 3219 378 3278 Fermenta
399 3221 553 3286 eriminum
574 3237 747 3296 purgemus,
772 3222 927 3278 sinceriter
948 3223 1092 3280 vivamus.

147 3305 199 3365 1.2
222 3305 271 3362 Siu
294 3306 374 3380 eripi
398 3307 427 3362 in
456 3306 546 3362 huius
577 3323 675 3362 cremo
698 3309 777 3364 vitae
800 3307 917 3380 quimus
948 3323 1002 3380 per
1025 3306 1156 3394 eoeleste
1177 3307 1221 3364 lu·

354 3407 421 3447 men
445 3389 550 3447 de'tet
506 3393 591 3447 tetris
609 3391 762 3458 hostibus,

151 3475 197 3535 13.
220 3473 279 3533 Per
300 3475 512 3550 lavacrumque
528 3475 668 3532 Christi'
661 3477 786 3532 inimicis
810 3475 904 3550 elapsi
927 3475 1046 3580 digne*
1038 3493 1136 3550 ipsum
1157 3475 1220 3532 lau·
1249 3548 1252 3559 Ι

353 3561 424 3618 dare
447 3561 559 3635 hymno
581 3561 690 3636 Moysi,

151 3647 198 3705 11.
221 3645 278 3718 Qui
303 3665 373 3704 suos
396 3645 526 3720 maligno
549 3663 670 3720 pressos
693 3646 850 3703 Pharaone
874 3645 1010 3702 alumnos

152 3731 199 3790 15.
221 3731 352 3802 Liberat,
377 3733 532 3790 obstructo
554 3733 627 3788 utris
650 3733 768 3806 abyssis
790 3732 918 3790 inimico.

153 3815 199 3876 16.
222 3817 412 3893 Quapropter
435 3835 485 3874 cer
486 3821 570 3874 tante
592 3835 670 3874 nune
693 3822 763 3874 voto
733 3817 945 3874 tiubilemus
969 3819 1071 3874 tantae
1085 3819 1207 3890 potesta
1189 3833 1220 3872 a·

152 3986 198 4048 17.
220 3987 259 4046 Ει
288 3903 541 4046 ειιιειειιῖιῖιῗιιιῗο
539 3987 712 4063 praecelsae
741 3989 863 4062 pietatis
895 3987 1049 4080 pulsemus
1080 3987 1220 4062 precibus

150 4157 196 4216 18.
218 4073 505 4236 Morieudievuztigui
528 4160 631 4216 mortis
654 4159 752 4234 legem
774 4161 856 4234 rupit
877 4160 998 4226 atrocis,

150 4243 196 4301 16.
218 4243 274 4300 Hie
297 4243 470 4319 redemptos
494 4243 645 4302 custodiat
633 4249 705 4301 tne
726 4249 797 4342 post
819 4250 938 4322 tergum
961 4243 1111 4310 decidant,

144 4327 197 4398 26,
221 4327 280 4385 Sed
301 4335 336 4386 ut
356 4347 482 4406 regnum
505 4329 650 4388 scandant
637 4330 859 4430 tpromissum.
