<?xml version="1.0" encoding="UTF-8"?>
<!DOCTYPE html PUBLIC "-//W3C//DTD XHTML 1.0 Transitional//EN"
    "http://www.w3.org/TR/xhtml1/DTD/xhtml1-transitional.dtd">
<html xmlns="http://www.w3.org/1999/xhtml" xml:lang="en" lang="en">
 <head>
  <title>
</title>
<meta http-equiv="Content-Type" content="text/html;charset=utf-8" />
  <meta name='ocr-system' content='tesseract 3.04.00' />
  <meta name='ocr-capabilities' content='ocr_page ocr_carea ocr_par ocr_line ocrx_word'/>
</head>
<body>
  <div class='ocr_page' id='page_1' title='image "./thesaurushymnol04danigoog/thesaurushymnol04danigoog_0574.png"; bbox 0 0 2724 5026; ppageno 0'>
   <div class='ocr_carea' id='block_1_1' title="bbox 688 385 780 493">
    <p class='ocr_par' dir='ltr' id='par_1_1' title="bbox 688 385 780 493">
     <span class='ocr_line' id='line_1_1' title="bbox 688 385 780 493; baseline 0 -93"><span class='ocrx_word' id='word_1_1' title='bbox 688 385 780 493; x_wconf 46' lang='grc' dir='ltr'>,ω</span> 
     </span>
    </p>
   </div>
   <div class='ocr_carea' id='block_1_2' title="bbox 220 563 776 986">
    <p class='ocr_par' dir='ltr' id='par_1_2' title="bbox 220 563 776 986">
     <span class='ocr_line' id='line_1_2' title="bbox 220 563 734 642; baseline -0.004 -14"><span class='ocrx_word' id='word_1_2' title='bbox 220 563 250 628; x_wconf 55' lang='lat' dir='ltr'>s</span> <span class='ocrx_word' id='word_1_3' title='bbox 283 569 377 626; x_wconf 84' lang='lat' dir='ltr'>Stella</span> <span class='ocrx_word' id='word_1_4' title='bbox 398 569 488 624; x_wconf 82' lang='lat' dir='ltr'>maris</span> <span class='ocrx_word' id='word_1_5' title='bbox 511 583 589 642; x_wconf 83' lang='lat' dir='ltr'>quae</span> <span class='ocrx_word' id='word_1_6' title='bbox 611 568 734 628; x_wconf 86' lang='lat' dir='ltr'>laetaris</span> 
     </span>
     <span class='ocr_line' id='line_1_3' title="bbox 364 653 700 722; baseline 0.003 -13"><span class='ocrx_word' id='word_1_7' title='bbox 364 654 408 709; x_wconf 84' lang='lat' dir='ltr'>Te</span> <span class='ocrx_word' id='word_1_8' title='bbox 429 654 560 710; x_wconf 88' lang='lat' dir='ltr'>lactasse</span> <span class='ocrx_word' id='word_1_9' title='bbox 582 653 700 722; x_wconf 76' lang='lat' dir='ltr'>Filium3</span> 
     </span>
     <span class='ocr_line' id='line_1_4' title="bbox 282 731 768 815; baseline 0 -19"><span class='ocrx_word' id='word_1_10' title='bbox 282 739 369 796; x_wconf 89' lang='lat' dir='ltr'>Hunc</span> <span class='ocrx_word' id='word_1_11' title='bbox 391 731 548 813; x_wconf 78' lang='lat' dir='ltr'><strong>precamur</strong></span> <span class='ocrx_word' id='word_1_12' title='bbox 570 755 768 815; x_wconf 77' lang='lat' dir='ltr'>assequamur</span> 
     </span>
     <span class='ocr_line' id='line_1_5' title="bbox 365 823 773 892; baseline 0.007 -12"><span class='ocrx_word' id='word_1_13' title='bbox 365 825 405 880; x_wconf 87' lang='lat' dir='ltr'>Ut</span> <span class='ocrx_word' id='word_1_14' title='bbox 426 823 559 882; x_wconf 81' lang='lat' dir='ltr'>Thomas</span> <span class='ocrx_word' id='word_1_15' title='bbox 583 827 773 892; x_wconf 81' lang='lat' dir='ltr'>consortium,</span> 
     </span>
     <span class='ocr_line' id='line_1_6' title="bbox 283 905 776 986; baseline 0.004 -20"><span class='ocrx_word' id='word_1_16' title='bbox 283 905 355 968; x_wconf 83' lang='lat' dir='ltr'>Eius</span> <span class='ocrx_word' id='word_1_17' title='bbox 377 927 468 984; x_wconf 83' lang='lat' dir='ltr'><strong>prece</strong></span> <span class='ocrx_word' id='word_1_18' title='bbox 490 911 629 986; x_wconf 80' lang='lat' dir='ltr'>gloriosa</span> <span class='ocrx_word' id='word_1_19' title='bbox 673 911 776 968; x_wconf 89' lang='lat' dir='ltr'>Amen.</span> 
     </span>
    </p>
   </div>
   <div class='ocr_carea' id='block_1_3' title="bbox 213 1025 1348 1212">
    <p class='ocr_par' dir='ltr' id='par_1_3' title="bbox 213 1025 1348 1212">
     <span class='ocr_line' id='line_1_7' title="bbox 229 1025 1348 1110; baseline -0.004 -23"><span class='ocrx_word' id='word_1_20' title='bbox 229 1047 233 1054; x_wconf 89' lang='lat'><em>·</em></span> <span class='ocrx_word' id='word_1_21' title='bbox 298 1031 327 1087; x_wconf 90' lang='grc'>5.</span> <span class='ocrx_word' id='word_1_22' title='bbox 349 1030 440 1086; x_wconf 83' lang='lat' dir='ltr'>Festa</span> <span class='ocrx_word' id='word_1_23' title='bbox 469 1029 642 1087; x_wconf 79' lang='lat' dir='ltr'>Nativitatis</span> <span class='ocrx_word' id='word_1_24' title='bbox 670 1030 797 1085; x_wconf 87' lang='lat' dir='ltr'><strong>Domini.</strong></span> <span class='ocrx_word' id='word_1_25' title='bbox 845 1030 891 1086; x_wconf 89' lang='lat' dir='ltr'>ll.</span> <span class='ocrx_word' id='word_1_26' title='bbox 921 1025 1053 1105; x_wconf 83' lang='lat' dir='ltr'>Rubrica</span> <span class='ocrx_word' id='word_1_27' title='bbox 1074 1027 1201 1086; x_wconf 88' lang='lat' dir='ltr'>Sarisb.:</span> <span class='ocrx_word' id='word_1_28' title='bbox 1223 1027 1277 1085; x_wconf 75' lang='lat' dir='ltr'>late</span> <span class='ocrx_word' id='word_1_29' title='bbox 1347 1105 1348 1110; x_wconf 7' lang='grc' dir='ltr'>η</span> 
     </span>
     <span class='ocr_line' id='line_1_8' title="bbox 213 1113 1189 1212; baseline -0.002 -40"><span class='ocrx_word' id='word_1_30' title='bbox 213 1133 459 1188; x_wconf 67' lang='lat' dir='ltr'>sequestramur</span> <span class='ocrx_word' id='word_1_31' title='bbox 482 1123 526 1171; x_wconf 80' lang='lat' dir='ltr'>ter</span> <span class='ocrx_word' id='word_1_32' title='bbox 548 1117 669 1173; x_wconf 78' lang='lat' dir='ltr'>dicatur.</span> <span class='ocrx_word' id='word_1_33' title='bbox 712 1113 846 1188; x_wconf 86' lang='lat' dir='ltr'>Ideoque</span> <span class='ocrx_word' id='word_1_34' title='bbox 868 1116 1060 1188; x_wconf 86' lang='lat' dir='ltr'>responsorio</span> <span class='ocrx_word' id='word_1_35' title='bbox 1084 1118 1189 1212; x_wconf 61' lang='lat' dir='ltr'>caret</span> 
     </span>
    </p>
   </div>
   <div class='ocr_carea' id='block_1_4' title="bbox 652 1279 848 1286">
    <p class='ocr_par' dir='ltr' id='par_1_4' title="bbox 652 1279 848 1286">
     <span class='ocr_line' id='line_1_9' title="bbox 652 1279 848 1286; baseline 0 0"><span class='ocrx_word' id='word_1_36' title='bbox 652 1279 848 1286; x_wconf 53' lang='lat' dir='ltr'><em>—m-——n</em></span> 
     </span>
    </p>
   </div>
   <div class='ocr_carea' id='block_1_5' title="bbox 215 1353 1278 1554">
    <p class='ocr_par' dir='ltr' id='par_1_5' title="bbox 215 1339 1348 1554">
     <span class='ocr_line' id='line_1_10' title="bbox 301 1353 1278 1462; baseline -0.004 -18"><span class='ocrx_word' id='word_1_37' title='bbox 301 1386 371 1445; x_wconf 82' lang='grc'><strong>396.</strong></span> <span class='ocrx_word' id='word_1_38' title='bbox 397 1373 646 1462; x_wconf 76' lang='lat' dir='ltr'>[Epiphaniam</span> <span class='ocrx_word' id='word_1_39' title='bbox 668 1375 812 1443; x_wconf 81' lang='lat' dir='ltr'>Domini</span> <span class='ocrx_word' id='word_1_40' title='bbox 834 1353 1007 1442; x_wconf 76' lang='lat' dir='ltr'>canamus</span> <span class='ocrx_word' id='word_1_41' title='bbox 1025 1373 1223 1460; x_wconf 72' lang='lat' dir='ltr'>plorioeom.</span> <span class='ocrx_word' id='word_1_42' title='bbox 1250 1383 1278 1440; x_wconf 86' lang='lat' dir='ltr'>In</span> 
     </span>
     <span class='ocr_line' id='line_1_11' title="bbox 215 1465 917 1554; baseline -0.001 -27"><span class='ocrx_word' id='word_1_43' title='bbox 215 1471 417 1545; x_wconf 82' lang='lat' dir='ltr'>Epiphania</span> <span class='ocrx_word' id='word_1_44' title='bbox 439 1471 563 1540; x_wconf 72' lang='lat' dir='ltr'>Danuui.</span> <span class='ocrx_word' id='word_1_45' title='bbox 607 1471 698 1528; x_wconf 85' lang='lat' dir='ltr'>Thes.</span> <span class='ocrx_word' id='word_1_46' title='bbox 721 1471 757 1530; x_wconf 84' lang='lat' dir='ltr'>IL</span> <span class='ocrx_word' id='word_1_47' title='bbox 780 1491 813 1554; x_wconf 65' lang='lat' dir='ltr'>p.⁴</span> <span class='ocrx_word' id='word_1_48' title='bbox 836 1465 917 1540; x_wconf 67' lang='lat' dir='ltr'>wil</span> 
     </span>
    </p>
   </div>
   <div class='ocr_carea' id='block_1_6' title="bbox 215 1727 1348 1917">
    <p class='ocr_par' dir='ltr' id='par_1_6' title="bbox 215 1727 1348 1917">
     <span class='ocr_line' id='line_1_12' title="bbox 301 1727 1348 1818; baseline -0.003 -18"><span class='ocrx_word' id='word_1_49' title='bbox 301 1742 371 1802; x_wconf 82' lang='grc'><strong>397.</strong></span> <span class='ocrx_word' id='word_1_50' title='bbox 396 1729 570 1812; x_wconf 80' lang='lat' dir='ltr'>[Gaudete</span> <span class='ocrx_word' id='word_1_51' title='bbox 591 1751 653 1799; x_wconf 75' lang='lat' dir='ltr'>coe</span> <span class='ocrx_word' id='word_1_52' title='bbox 672 1732 801 1816; x_wconf 77' lang='lat' dir='ltr'>fideles,</span> <span class='ocrx_word' id='word_1_53' title='bbox 820 1733 977 1818; x_wconf 74' lang='lat' dir='ltr'>qratiam</span> <span class='ocrx_word' id='word_1_54' title='bbox 997 1750 1094 1818; x_wconf 69' lang='lat' dir='ltr'>pare</span> <span class='ocrx_word' id='word_1_55' title='bbox 1108 1731 1228 1799; x_wconf 75' lang='lat' dir='ltr'>eiecta</span> <span class='ocrx_word' id='word_1_56' title='bbox 1248 1727 1302 1798; x_wconf 71' lang='lat'>111&#39;</span> <span class='ocrx_word' id='word_1_57' title='bbox 1347 1769 1348 1776; x_wconf 24' lang='grc' dir='ltr'><strong>κ</strong></span> 
     </span>
     <span class='ocr_line' id='line_1_13' title="bbox 215 1821 1190 1917; baseline 0 -33"><span class='ocrx_word' id='word_1_58' title='bbox 215 1828 426 1902; x_wconf 87' lang='lat' dir='ltr'>Epiphania</span> <span class='ocrx_word' id='word_1_59' title='bbox 448 1827 572 1882; x_wconf 87' lang='lat' dir='ltr'>Domini.</span> <span class='ocrx_word' id='word_1_60' title='bbox 619 1827 780 1884; x_wconf 81' lang='lat' dir='ltr'>EMissali</span> <span class='ocrx_word' id='word_1_61' title='bbox 802 1827 980 1917; x_wconf 36' lang='lat' dir='ltr'>Pallantino·</span> <span class='ocrx_word' id='word_1_62' title='bbox 993 1827 1061 1882; x_wconf 91' lang='lat' dir='ltr'>anni</span> <span class='ocrx_word' id='word_1_63' title='bbox 1087 1821 1190 1898; x_wconf 71' lang='lat' dir='ltr'>total</span> 
     </span>
    </p>
   </div>
   <div class='ocr_carea' id='block_1_7' title="bbox 238 1935 1082 2140">
    <p class='ocr_par' dir='ltr' id='par_1_7' title="bbox 238 1935 1082 2140">
     <span class='ocr_line' id='line_1_14' title="bbox 240 1935 1027 2067; baseline -0.004 -29"><span class='ocrx_word' id='word_1_64' title='bbox 240 1984 266 2038; x_wconf 88' lang='lat'>1.</span> <span class='ocrx_word' id='word_1_65' title='bbox 291 1979 429 2038; x_wconf 84' lang='lat' dir='ltr'>Gaudete</span> <span class='ocrx_word' id='word_1_66' title='bbox 450 1999 504 2038; x_wconf 84' lang='lat' dir='ltr'>vos</span> <span class='ocrx_word' id='word_1_67' title='bbox 526 1979 641 2048; x_wconf 82' lang='lat' dir='ltr'>fideles,</span> <span class='ocrx_word' id='word_1_68' title='bbox 664 1982 799 2055; x_wconf 79' lang='lat' dir='ltr'>gentium</span> <span class='ocrx_word' id='word_1_69' title='bbox 820 1999 892 2056; x_wconf 89' lang='lat' dir='ltr'>pars</span> <span class='ocrx_word' id='word_1_70' title='bbox 907 1935 1027 2067; x_wconf 70' lang='lat' dir='ltr'>electa:</span> 
     </span>
     <span class='ocr_line' id='line_1_15' title="bbox 238 2065 1082 2140; baseline -0.005 -16"><span class='ocrx_word' id='word_1_71' title='bbox 238 2068 266 2124; x_wconf 88' lang='grc'><strong>2.</strong></span> <span class='ocrx_word' id='word_1_72' title='bbox 290 2066 472 2138; x_wconf 82' lang='lat' dir='ltr'>Aethiopum</span> <span class='ocrx_word' id='word_1_73' title='bbox 494 2065 618 2140; x_wconf 82' lang='lat' dir='ltr'>nigredo</span> <span class='ocrx_word' id='word_1_74' title='bbox 640 2068 670 2123; x_wconf 92' lang='lat' dir='ltr'>iu</span> <span class='ocrx_word' id='word_1_75' title='bbox 691 2066 834 2124; x_wconf 87' lang='lat' dir='ltr'>Iudaeam</span> <span class='ocrx_word' id='word_1_76' title='bbox 857 2072 904 2124; x_wconf 87' lang='lat' dir='ltr'>est</span> <span class='ocrx_word' id='word_1_77' title='bbox 926 2067 1082 2124; x_wconf 85' lang='lat' dir='ltr'>translata.</span> 
     </span>
    </p>
   </div>
   <div class='ocr_carea' id='block_1_8' title="bbox 107 2150 1238 2226">
    <p class='ocr_par' dir='ltr' id='par_1_8' title="bbox 107 2150 1238 2226">
     <span class='ocr_line' id='line_1_16' title="bbox 107 2150 1238 2226; baseline -0.001 -18"><span class='ocrx_word' id='word_1_78' title='bbox 107 2192 119 2198; x_wconf 92' lang='lat'><em>-</em></span> <span class='ocrx_word' id='word_1_79' title='bbox 238 2151 267 2208; x_wconf 88' lang='grc'>3.</span> <span class='ocrx_word' id='word_1_80' title='bbox 292 2150 427 2207; x_wconf 84' lang='lat' dir='ltr'>Offerunt</span> <span class='ocrx_word' id='word_1_81' title='bbox 448 2151 565 2224; x_wconf 85' lang='lat' dir='ltr'>Arabes</span> <span class='ocrx_word' id='word_1_82' title='bbox 588 2168 701 2219; x_wconf 88' lang='lat' dir='ltr'>aurum,</span> <span class='ocrx_word' id='word_1_83' title='bbox 724 2152 849 2208; x_wconf 87' lang='lat' dir='ltr'>Tharsis</span> <span class='ocrx_word' id='word_1_84' title='bbox 872 2153 1033 2226; x_wconf 85' lang='lat' dir='ltr'>myrrham,</span> <span class='ocrx_word' id='word_1_85' title='bbox 1057 2152 1128 2208; x_wconf 88' lang='lat' dir='ltr'>thus</span> <span class='ocrx_word' id='word_1_86' title='bbox 1150 2150 1238 2208; x_wconf 89' lang='lat' dir='ltr'>Saba.</span> 
     </span>
    </p>
   </div>
   <div class='ocr_carea' id='block_1_9' title="bbox 173 2235 1348 3170">
    <p class='ocr_par' dir='ltr' id='par_1_9' title="bbox 178 2235 1190 2312">
     <span class='ocr_line' id='line_1_17' title="bbox 178 2235 1190 2312; baseline 0 -20"><span class='ocrx_word' id='word_1_87' title='bbox 178 2273 183 2278; x_wconf 93' lang='lat'>-</span> <span class='ocrx_word' id='word_1_88' title='bbox 238 2235 266 2293; x_wconf 77' lang='lat' dir='ltr'>l.</span> <span class='ocrx_word' id='word_1_89' title='bbox 290 2235 461 2292; x_wconf 77' lang='lat' dir='ltr'>Ostendant</span> <span class='ocrx_word' id='word_1_90' title='bbox 482 2237 608 2309; x_wconf 88' lang='lat' dir='ltr'>mystice</span> <span class='ocrx_word' id='word_1_91' title='bbox 631 2239 698 2310; x_wconf 91' lang='lat' dir='ltr'>quis</span> <span class='ocrx_word' id='word_1_92' title='bbox 722 2239 761 2295; x_wconf 87' lang='lat' dir='ltr'>sit</span> <span class='ocrx_word' id='word_1_93' title='bbox 783 2239 832 2294; x_wconf 91' lang='lat' dir='ltr'>cui</span> <span class='ocrx_word' id='word_1_94' title='bbox 857 2253 912 2294; x_wconf 89' lang='lat' dir='ltr'>sua</span> <span class='ocrx_word' id='word_1_95' title='bbox 933 2237 1079 2312; x_wconf 79' lang='lat' dir='ltr'>praebent</span> <span class='ocrx_word' id='word_1_96' title='bbox 1101 2235 1190 2292; x_wconf 85' lang='lat' dir='ltr'>dona</span> 
     </span>
    </p>

    <p class='ocr_par' dir='ltr' id='par_1_10' title="bbox 173 2320 1280 2397">
     <span class='ocr_line' id='line_1_18' title="bbox 173 2320 1280 2397; baseline -0.001 -20"><span class='ocrx_word' id='word_1_97' title='bbox 173 2359 177 2366; x_wconf 85' lang='lat'><em>-</em></span> <span class='ocrx_word' id='word_1_98' title='bbox 238 2321 266 2378; x_wconf 87' lang='lat'>5.</span> <span class='ocrx_word' id='word_1_99' title='bbox 288 2320 351 2376; x_wconf 83' lang='lat' dir='ltr'>Rex</span> <span class='ocrx_word' id='word_1_100' title='bbox 373 2338 428 2394; x_wconf 92' lang='lat' dir='ltr'>per</span> <span class='ocrx_word' id='word_1_101' title='bbox 450 2337 562 2388; x_wconf 85' lang='lat' dir='ltr'>aurum,</span> <span class='ocrx_word' id='word_1_102' title='bbox 585 2339 640 2394; x_wconf 86' lang='lat' dir='ltr'>per</span> <span class='ocrx_word' id='word_1_103' title='bbox 662 2323 732 2380; x_wconf 87' lang='lat' dir='ltr'>tlms</span> <span class='ocrx_word' id='word_1_104' title='bbox 756 2322 905 2380; x_wconf 83' lang='lat' dir='ltr'>Sacerdos</span> <span class='ocrx_word' id='word_1_105' title='bbox 928 2329 960 2380; x_wconf 90' lang='lat' dir='ltr'>et</span> <span class='ocrx_word' id='word_1_106' title='bbox 980 2339 1036 2397; x_wconf 82' lang='lat' dir='ltr'>per</span> <span class='ocrx_word' id='word_1_107' title='bbox 1062 2323 1215 2396; x_wconf 85' lang='lat' dir='ltr'>myrrham</span> <span class='ocrx_word' id='word_1_108' title='bbox 1241 2336 1280 2376; x_wconf 91' lang='lat' dir='ltr'>se·</span> 
     </span>
    </p>

    <p class='ocr_par' dir='ltr' id='par_1_11' title="bbox 239 2407 1142 2570">
     <span class='ocr_line' id='line_1_19' title="bbox 239 2407 1142 2570; baseline 0.003 -22"><span class='ocrx_word' id='word_1_109' title='bbox 239 2490 267 2549; x_wconf 81' lang='lat' dir='ltr'>o.</span> <span class='ocrx_word' id='word_1_110' title='bbox 291 2407 606 2548; x_wconf 51' lang='lat' dir='ltr'>Offeramddltrldwrera</span> <span class='ocrx_word' id='word_1_111' title='bbox 628 2491 747 2548; x_wconf 78' lang='lat' dir='ltr'>Christo</span> <span class='ocrx_word' id='word_1_112' title='bbox 771 2493 852 2568; x_wconf 92' lang='lat' dir='ltr'>quod</span> <span class='ocrx_word' id='word_1_113' title='bbox 874 2511 963 2570; x_wconf 76' lang='lat' dir='ltr'>reges</span> <span class='ocrx_word' id='word_1_114' title='bbox 984 2495 1015 2550; x_wconf 92' lang='lat' dir='ltr'>in</span> <span class='ocrx_word' id='word_1_115' title='bbox 1036 2495 1142 2568; x_wconf 75' lang='lat' dir='ltr'>figura</span> 
     </span>
    </p>

    <p class='ocr_par' dir='ltr' id='par_1_12' title="bbox 239 2576 1030 2644">
     <span class='ocr_line' id='line_1_20' title="bbox 239 2576 1030 2644; baseline 0.003 -12"><span class='ocrx_word' id='word_1_116' title='bbox 239 2576 267 2634; x_wconf 89' lang='lat'>7.</span> <span class='ocrx_word' id='word_1_117' title='bbox 290 2577 496 2632; x_wconf 80' lang='lat' dir='ltr'>Examinemus</span> <span class='ocrx_word' id='word_1_118' title='bbox 518 2583 647 2644; x_wconf 88' lang='lat' dir='ltr'>mentes;</span> <span class='ocrx_word' id='word_1_119' title='bbox 671 2582 702 2634; x_wconf 87' lang='lat' dir='ltr'>et</span> <span class='ocrx_word' id='word_1_120' title='bbox 724 2595 828 2635; x_wconf 89' lang='lat' dir='ltr'>aurum</span> <span class='ocrx_word' id='word_1_121' title='bbox 850 2582 926 2636; x_wconf 87' lang='lat' dir='ltr'>est</span> <span class='ocrx_word' id='word_1_122' title='bbox 918 2598 948 2635; x_wconf 94' lang='grc' dir='ltr'>ιιι</span> <span class='ocrx_word' id='word_1_123' title='bbox 970 2595 1030 2636; x_wconf 89' lang='lat' dir='ltr'>ara.</span> 
     </span>
    </p>

    <p class='ocr_par' dir='ltr' id='par_1_13' title="bbox 240 2661 1056 2744">
     <span class='ocr_line' id='line_1_21' title="bbox 240 2661 1056 2744; baseline 0.005 -26"><span class='ocrx_word' id='word_1_124' title='bbox 240 2661 268 2718; x_wconf 89' lang='lat'>8.</span> <span class='ocrx_word' id='word_1_125' title='bbox 291 2661 507 2744; x_wconf 83' lang='lat' dir='ltr'>Mortificemur</span> <span class='ocrx_word' id='word_1_126' title='bbox 530 2662 640 2736; x_wconf 89' lang='lat' dir='ltr'>culpis;</span> <span class='ocrx_word' id='word_1_127' title='bbox 664 2668 694 2718; x_wconf 92' lang='lat' dir='ltr'>et</span> <span class='ocrx_word' id='word_1_128' title='bbox 717 2663 762 2720; x_wconf 89' lang='lat' dir='ltr'>sic</span> <span class='ocrx_word' id='word_1_129' title='bbox 783 2664 906 2722; x_wconf 86' lang='lat' dir='ltr'>offertur</span> <span class='ocrx_word' id='word_1_130' title='bbox 927 2665 1056 2737; x_wconf 82' lang='lat' dir='ltr'>myrrha</span> 
     </span>
    </p>

    <p class='ocr_par' dir='ltr' id='par_1_14' title="bbox 240 2745 1280 2904">
     <span class='ocr_line' id='line_1_22' title="bbox 240 2745 1280 2824; baseline 0.001 -21"><span class='ocrx_word' id='word_1_131' title='bbox 240 2746 268 2803; x_wconf 85' lang='grc'><strong>9.</strong></span> <span class='ocrx_word' id='word_1_132' title='bbox 293 2745 402 2802; x_wconf 85' lang='lat' dir='ltr'>Thuris</span> <span class='ocrx_word' id='word_1_133' title='bbox 428 2745 502 2802; x_wconf 90' lang='lat' dir='ltr'>odor</span> <span class='ocrx_word' id='word_1_134' title='bbox 523 2747 658 2824; x_wconf 85' lang='lat' dir='ltr'>balsami,</span> <span class='ocrx_word' id='word_1_135' title='bbox 682 2747 764 2823; x_wconf 89' lang='lat' dir='ltr'>quod</span> <span class='ocrx_word' id='word_1_136' title='bbox 787 2750 903 2808; x_wconf 87' lang='lat' dir='ltr'>Sabaea</span> <span class='ocrx_word' id='word_1_137' title='bbox 924 2749 1062 2824; x_wconf 91' lang='lat' dir='ltr'>protulit,</span> <span class='ocrx_word' id='word_1_138' title='bbox 1086 2747 1125 2804; x_wconf 91' lang='lat' dir='ltr'>ad</span> <span class='ocrx_word' id='word_1_139' title='bbox 1146 2751 1280 2806; x_wconf 83' lang='lat' dir='ltr'>virtutum</span> 
     </span>
     <span class='ocr_line' id='line_1_23' title="bbox 421 2833 769 2904; baseline 0.012 -18"><span class='ocrx_word' id='word_1_140' title='bbox 421 2833 552 2904; x_wconf 88' lang='lat' dir='ltr'>pertinet</span> <span class='ocrx_word' id='word_1_141' title='bbox 574 2840 769 2891; x_wconf 87' lang='lat' dir='ltr'>sacramenta</span> 
     </span>
    </p>

    <p class='ocr_par' dir='ltr' id='par_1_15' title="bbox 221 2915 1279 3012">
     <span class='ocr_line' id='line_1_24' title="bbox 221 2915 1279 3012; baseline 0 -41"><span class='ocrx_word' id='word_1_142' title='bbox 221 2916 267 2974; x_wconf 84' lang='lat'>10.</span> <span class='ocrx_word' id='word_1_143' title='bbox 291 2915 382 2972; x_wconf 85' lang='lat' dir='ltr'>Cuius</span> <span class='ocrx_word' id='word_1_144' title='bbox 407 2917 568 2985; x_wconf 87' lang='lat' dir='ltr'>salutifera,</span> <span class='ocrx_word' id='word_1_145' title='bbox 599 2919 727 2974; x_wconf 86' lang='lat' dir='ltr'>lustrent</span> <span class='ocrx_word' id='word_1_146' title='bbox 749 2925 853 2976; x_wconf 88' lang='lat' dir='ltr'>nostra</span> <span class='ocrx_word' id='word_1_147' title='bbox 874 2917 1009 2976; x_wconf 82' lang='lat' dir='ltr'>vitadia</span> <span class='ocrx_word' id='word_1_148' title='bbox 1032 2919 1169 2988; x_wconf 88' lang='lat' dir='ltr'>salutem,</span> <span class='ocrx_word' id='word_1_149' title='bbox 1193 2932 1279 3012; x_wconf 84' lang='lat' dir='ltr'>annua</span> 
     </span>
    </p>

    <p class='ocr_par' dir='ltr' id='par_1_16' title="bbox 221 3002 1348 3170">
     <span class='ocr_line' id='line_1_25' title="bbox 221 3002 1348 3170; baseline 0.001 -28"><span class='ocrx_word' id='word_1_150' title='bbox 221 3088 269 3142; x_wconf 87' lang='lat' dir='ltr'>ll</span> <span class='ocrx_word' id='word_1_151' title='bbox 290 3085 339 3142; x_wconf 93' lang='lat' dir='ltr'>Ad</span> <span class='ocrx_word' id='word_1_152' title='bbox 361 3086 413 3141; x_wconf 90' lang='lat' dir='ltr'>ul&#39;</span> <span class='ocrx_word' id='word_1_153' title='bbox 394 3002 672 3144; x_wconf 39' lang='grc' dir='ltr'>ιίιίιὶιὶιιιξιῖαῗιῖῗιῖω.ί</span> <span class='ocrx_word' id='word_1_154' title='bbox 608 3087 765 3152; x_wconf 85' lang='lat' dir='ltr'>estdicta:</span> <span class='ocrx_word' id='word_1_155' title='bbox 788 3091 901 3164; x_wconf 88' lang='lat' dir='ltr'>psallat</span> <span class='ocrx_word' id='word_1_156' title='bbox 915 3089 1025 3146; x_wconf 87' lang='lat' dir='ltr'>chorus</span> <span class='ocrx_word' id='word_1_157' title='bbox 1041 3091 1138 3147; x_wconf 89' lang='lat' dir='ltr'>Amen</span> <span class='ocrx_word' id='word_1_158' title='bbox 1153 3089 1278 3146; x_wconf 83' lang='lat' dir='ltr'>Alleluia</span> <span class='ocrx_word' id='word_1_159' title='bbox 1347 3163 1348 3170; x_wconf 8' lang='grc' dir='ltr'>ἵ</span> 
     </span>
    </p>
   </div>
   <div class='ocr_carea' id='block_1_10' title="bbox 218 3205 1278 3370">
    <p class='ocr_par' dir='ltr' id='par_1_17' title="bbox 218 3205 1278 3370">
     <span class='ocr_line' id='line_1_26' title="bbox 302 3205 1278 3283; baseline 0.001 -23"><span class='ocrx_word' id='word_1_160' title='bbox 302 3205 368 3261; x_wconf 91' lang='lat' dir='ltr'>Una</span> <span class='ocrx_word' id='word_1_161' title='bbox 389 3205 442 3260; x_wconf 89' lang='lat' dir='ltr'>illa</span> <span class='ocrx_word' id='word_1_162' title='bbox 463 3207 663 3280; x_wconf 87' lang='lat' dir='ltr'>Hispanorum</span> <span class='ocrx_word' id='word_1_163' title='bbox 688 3208 868 3282; x_wconf 85' lang='lat' dir='ltr'>Sequentia,</span> <span class='ocrx_word' id='word_1_164' title='bbox 892 3225 982 3283; x_wconf 90' lang='lat' dir='ltr'>quam</span> <span class='ocrx_word' id='word_1_165' title='bbox 1010 3209 1174 3283; x_wconf 87' lang='lat' dir='ltr'>publicavit</span> <span class='ocrx_word' id='word_1_166' title='bbox 1194 3207 1278 3264; x_wconf 85' lang='lat' dir='ltr'>Neale</span> 
     </span>
     <span class='ocr_line' id='line_1_27' title="bbox 218 3289 1277 3370; baseline 0.008 -24"><span class='ocrx_word' id='word_1_167' title='bbox 218 3292 248 3346; x_wconf 90' lang='lat' dir='ltr'>in</span> <span class='ocrx_word' id='word_1_168' title='bbox 270 3289 517 3366; x_wconf 84' lang='lat' dir='ltr'>Ecclesialogista</span> <span class='ocrx_word' id='word_1_169' title='bbox 538 3292 665 3366; x_wconf 84' lang='lat' dir='ltr'>Aug&#39;ust.</span> <span class='ocrx_word' id='word_1_170' title='bbox 692 3293 779 3352; x_wconf 83' lang='lat'>1853.</span> <span class='ocrx_word' id='word_1_171' title='bbox 824 3295 867 3353; x_wconf 84' lang='lat' dir='ltr'>Cs.</span> <span class='ocrx_word' id='word_1_172' title='bbox 888 3295 1004 3368; x_wconf 89' lang='lat' dir='ltr'>Disput</span> <span class='ocrx_word' id='word_1_173' title='bbox 1028 3293 1173 3370; x_wconf 85' lang='lat' dir='ltr'>Noaliip.</span> <span class='ocrx_word' id='word_1_174' title='bbox 1197 3293 1222 3354; x_wconf 79' lang='grc'>5.</span> <span class='ocrx_word' id='word_1_175' title='bbox 1243 3317 1277 3328; x_wconf 89' lang='grc'>-·</span> 
     </span>
    </p>
   </div>
   <div class='ocr_carea' id='block_1_11' title="bbox 218 3375 1279 3519">
    <p class='ocr_par' dir='ltr' id='par_1_18' title="bbox 218 3375 1279 3517">
     <span class='ocr_line' id='line_1_28' title="bbox 219 3375 1279 3455; baseline -0.003 -21"><span class='ocrx_word' id='word_1_176' title='bbox 219 3375 246 3434; x_wconf 95' lang='grc'><strong>2.</strong></span> <span class='ocrx_word' id='word_1_177' title='bbox 270 3375 317 3430; x_wconf 90' lang='lat' dir='ltr'>An</span> <span class='ocrx_word' id='word_1_178' title='bbox 329 3375 501 3450; x_wconf 84' lang='lat' dir='ltr'>legendum</span> <span class='ocrx_word' id='word_1_179' title='bbox 530 3381 766 3434; x_wconf 87' lang='lat' dir='ltr'>transvecta?</span> <span class='ocrx_word' id='word_1_180' title='bbox 810 3379 838 3436; x_wconf 84' lang='lat'>5.</span> <span class='ocrx_word' id='word_1_181' title='bbox 863 3380 957 3436; x_wconf 86' lang='lat' dir='ltr'>Neale</span> <span class='ocrx_word' id='word_1_182' title='bbox 988 3379 1072 3436; x_wconf 88' lang='lat' dir='ltr'>addit</span> <span class='ocrx_word' id='word_1_183' title='bbox 1104 3387 1141 3437; x_wconf 88' lang='lat' dir='ltr'>ct</span> <span class='ocrx_word' id='word_1_184' title='bbox 1165 3383 1279 3455; x_wconf 87' lang='lat' dir='ltr'>propter</span> 
     </span>
     <span class='ocr_line' id='line_1_29' title="bbox 218 3466 422 3519; baseline 0 -3"><span class='ocrx_word' id='word_1_185' title='bbox 218 3466 353 3519; x_wconf 88' lang='lat' dir='ltr'>metrum.</span> <span class='ocrx_word' id='word_1_186' title='bbox 416 3476 422 3482; x_wconf 59' lang='lat'><strong>⁴</strong></span> 
     </span>
    </p>
   </div>
   <div class='ocr_carea' id='block_1_12' title="bbox 89 3639 1348 3818">
    <p class='ocr_par' dir='ltr' id='par_1_19' title="bbox 89 3639 1348 3818">
     <span class='ocr_line' id='line_1_30' title="bbox 89 3639 1277 3728; baseline -0.007 -17"><span class='ocrx_word' id='word_1_187' title='bbox 89 3702 92 3711; x_wconf 91' lang='lat'>.</span> <span class='ocrx_word' id='word_1_188' title='bbox 160 3687 200 3708; x_wconf 75' lang='grc'>.,</span> <span class='ocrx_word' id='word_1_189' title='bbox 305 3649 375 3708; x_wconf 84' lang='grc'><strong>398.</strong></span> <span class='ocrx_word' id='word_1_190' title='bbox 400 3639 525 3722; x_wconf 84' lang='lat' dir='ltr'>[Quem</span> <span class='ocrx_word' id='word_1_191' title='bbox 546 3659 619 3706; x_wconf 82' lang='lat' dir='ltr'>aon</span> <span class='ocrx_word' id='word_1_192' title='bbox 640 3641 759 3707; x_wconf 79' lang='lat' dir='ltr'>calcat</span> <span class='ocrx_word' id='word_1_193' title='bbox 785 3643 935 3728; x_wconf 82' lang='lat' dir='ltr'>propria</span> <span class='ocrx_word' id='word_1_194' title='bbox 963 3643 1211 3726; x_wconf 72' lang='lat' dir='ltr'>muqnitudinc.</span> <span class='ocrx_word' id='word_1_195' title='bbox 1250 3649 1277 3704; x_wconf 88' lang='lat' dir='ltr'>ln</span> 
     </span>
     <span class='ocr_line' id='line_1_31' title="bbox 218 3729 1348 3818; baseline 0.007 -28"><span class='ocrx_word' id='word_1_196' title='bbox 218 3733 425 3808; x_wconf 85' lang='lat' dir='ltr'>Epiphania</span> <span class='ocrx_word' id='word_1_197' title='bbox 446 3735 570 3792; x_wconf 89' lang='lat' dir='ltr'>Domini.</span> <span class='ocrx_word' id='word_1_198' title='bbox 615 3729 727 3794; x_wconf 77' lang='lat' dir='ltr'>N&#39;cale</span> <span class='ocrx_word' id='word_1_199' title='bbox 742 3737 812 3811; x_wconf 89' lang='lat' dir='ltr'>Seq.</span> <span class='ocrx_word' id='word_1_200' title='bbox 828 3755 856 3810; x_wconf 91' lang='lat' dir='ltr'>p.</span> <span class='ocrx_word' id='word_1_201' title='bbox 874 3737 945 3796; x_wconf 76' lang='lat'>262.</span> <span class='ocrx_word' id='word_1_202' title='bbox 963 3736 1070 3794; x_wconf 85' lang='lat' dir='ltr'>clibro</span> <span class='ocrx_word' id='word_1_203' title='bbox 1086 3730 1276 3798; x_wconf 71' lang='lat' dir='ltr'>Glichtova&#39;eil</span> <span class='ocrx_word' id='word_1_204' title='bbox 1347 3801 1348 3818; x_wconf 14' lang='grc' dir='ltr'>χ</span> 
     </span>
    </p>
   </div>
   <div class='ocr_carea' id='block_1_13' title="bbox 112 3886 1281 4390">
    <p class='ocr_par' dir='ltr' id='par_1_20' title="bbox 245 3886 1037 3965">
     <span class='ocr_line' id='line_1_32' title="bbox 245 3886 1037 3965; baseline 0.003 -21"><span class='ocrx_word' id='word_1_205' title='bbox 245 3889 270 3944; x_wconf 86' lang='grc'><strong>1.</strong></span> <span class='ocrx_word' id='word_1_206' title='bbox 295 3886 390 3956; x_wconf 84' lang='lat' dir='ltr'>Quem</span> <span class='ocrx_word' id='word_1_207' title='bbox 412 3905 470 3944; x_wconf 91' lang='lat' dir='ltr'>non</span> <span class='ocrx_word' id='word_1_208' title='bbox 491 3889 668 3962; x_wconf 83' lang='lat' dir='ltr'>praevalent</span> <span class='ocrx_word' id='word_1_209' title='bbox 689 3891 812 3962; x_wconf 89' lang='lat' dir='ltr'>propria</span> <span class='ocrx_word' id='word_1_210' title='bbox 833 3889 1037 3965; x_wconf 81' lang='lat' dir='ltr'>magnitudine</span> 
     </span>
    </p>

    <p class='ocr_par' dir='ltr' id='par_1_21' title="bbox 242 3971 980 4050">
     <span class='ocr_line' id='line_1_33' title="bbox 242 3971 980 4050; baseline 0.004 -20"><span class='ocrx_word' id='word_1_211' title='bbox 242 3973 269 4030; x_wconf 93' lang='grc'>2.</span> <span class='ocrx_word' id='word_1_212' title='bbox 293 3971 386 4039; x_wconf 85' lang='lat' dir='ltr'>Coeli,</span> <span class='ocrx_word' id='word_1_213' title='bbox 410 3979 517 4042; x_wconf 85' lang='lat' dir='ltr'>terrae,</span> <span class='ocrx_word' id='word_1_214' title='bbox 541 3980 633 4048; x_wconf 89' lang='lat' dir='ltr'>atque</span> <span class='ocrx_word' id='word_1_215' title='bbox 655 3977 748 4042; x_wconf 81' lang='lat' dir='ltr'>maria</span> <span class='ocrx_word' id='word_1_216' title='bbox 771 3975 980 4050; x_wconf 87' lang='lat' dir='ltr'>amphisepirc.</span> 
     </span>
    </p>

    <p class='ocr_par' dir='ltr' id='par_1_22' title="bbox 241 4057 1093 4135">
     <span class='ocr_line' id='line_1_34' title="bbox 241 4057 1093 4135; baseline 0.002 -20"><span class='ocrx_word' id='word_1_217' title='bbox 241 4057 268 4115; x_wconf 86' lang='grc'><strong>3.</strong></span> <span class='ocrx_word' id='word_1_218' title='bbox 290 4059 335 4114; x_wconf 92' lang='lat' dir='ltr'>De</span> <span class='ocrx_word' id='word_1_219' title='bbox 357 4061 490 4132; x_wconf 86' lang='lat' dir='ltr'>virgineo</span> <span class='ocrx_word' id='word_1_220' title='bbox 513 4065 602 4116; x_wconf 90' lang='lat' dir='ltr'>natus</span> <span class='ocrx_word' id='word_1_221' title='bbox 624 4065 719 4122; x_wconf 64' lang='lat' dir='ltr'>utero,</span> <span class='ocrx_word' id='word_1_222' title='bbox 732 4062 853 4134; x_wconf 89' lang='lat' dir='ltr'>ponitur</span> <span class='ocrx_word' id='word_1_223' title='bbox 874 4063 904 4117; x_wconf 93' lang='lat' dir='ltr'>in</span> <span class='ocrx_word' id='word_1_224' title='bbox 925 4062 1093 4135; x_wconf 88' lang='lat' dir='ltr'>praesepio.</span> 
     </span>
    </p>

    <p class='ocr_par' dir='ltr' id='par_1_23' title="bbox 112 4144 1281 4390">
     <span class='ocr_line' id='line_1_35' title="bbox 240 4144 1273 4218; baseline -0.004 -20"><span class='ocrx_word' id='word_1_225' title='bbox 240 4145 268 4200; x_wconf 80' lang='lat'>4.</span> <span class='ocrx_word' id='word_1_226' title='bbox 291 4144 330 4200; x_wconf 93' lang='lat' dir='ltr'>Ut</span> <span class='ocrx_word' id='word_1_227' title='bbox 352 4145 547 4218; x_wconf 88' lang='lat' dir='ltr'>propheticus</span> <span class='ocrx_word' id='word_1_228' title='bbox 571 4162 670 4201; x_wconf 90' lang='lat' dir='ltr'>sermo</span> <span class='ocrx_word' id='word_1_229' title='bbox 693 4147 823 4213; x_wconf 86' lang='lat' dir='ltr'>nunciat,</span> <span class='ocrx_word' id='word_1_230' title='bbox 847 4151 929 4202; x_wconf 89' lang='lat' dir='ltr'>stant</span> <span class='ocrx_word' id='word_1_231' title='bbox 951 4147 1039 4202; x_wconf 89' lang='lat' dir='ltr'>simul</span> <span class='ocrx_word' id='word_1_232' title='bbox 1052 4146 1108 4213; x_wconf 82' lang='lat' dir='ltr'>bos</span> <span class='ocrx_word' id='word_1_233' title='bbox 1124 4149 1154 4200; x_wconf 89' lang='lat' dir='ltr'>ct</span> <span class='ocrx_word' id='word_1_234' title='bbox 1168 4145 1273 4200; x_wconf 86' lang='lat' dir='ltr'>asinus:</span> 
     </span>
     <span class='ocr_line' id='line_1_36' title="bbox 240 4221 1281 4304; baseline 0 -18"><span class='ocrx_word' id='word_1_235' title='bbox 240 4227 268 4286; x_wconf 87' lang='lat'>5.</span> <span class='ocrx_word' id='word_1_236' title='bbox 290 4223 354 4286; x_wconf 80' lang='lat' dir='ltr'>&#39;Sed</span> <span class='ocrx_word' id='word_1_237' title='bbox 376 4231 470 4285; x_wconf 87' lang='lat' dir='ltr'>oritur</span> <span class='ocrx_word' id='word_1_238' title='bbox 493 4229 581 4285; x_wconf 88' lang='lat' dir='ltr'>stella</span> <span class='ocrx_word' id='word_1_239' title='bbox 603 4229 712 4298; x_wconf 87' lang='lat' dir='ltr'>lucida,</span> <span class='ocrx_word' id='word_1_240' title='bbox 734 4231 909 4304; x_wconf 86' lang='lat' dir='ltr'>praebitura</span> <span class='ocrx_word' id='word_1_241' title='bbox 930 4231 1055 4288; x_wconf 87' lang='lat' dir='ltr'>Domino</span> <span class='ocrx_word' id='word_1_242' title='bbox 1078 4221 1228 4304; x_wconf 68' lang='lat' dir='ltr'>obsequia}</span> <span class='ocrx_word' id='word_1_243' title='bbox 1276 4261 1281 4264; x_wconf 97' lang='lat'>-</span> 
     </span>
     <span class='ocr_line' id='line_1_37' title="bbox 112 4313 1201 4390; baseline 0.002 -20"><span class='ocrx_word' id='word_1_244' title='bbox 112 4359 125 4370; x_wconf 74' lang='lat'><em>.</em></span> <span class='ocrx_word' id='word_1_245' title='bbox 240 4313 268 4372; x_wconf 81' lang='grc'><strong>6.</strong></span> <span class='ocrx_word' id='word_1_246' title='bbox 291 4313 387 4384; x_wconf 82' lang='lat' dir='ltr'>Quam</span> <span class='ocrx_word' id='word_1_247' title='bbox 409 4314 532 4372; x_wconf 90' lang='lat' dir='ltr'>Baalam</span> <span class='ocrx_word' id='word_1_248' title='bbox 555 4332 590 4372; x_wconf 85' lang='lat' dir='ltr'>ex</span> <span class='ocrx_word' id='word_1_249' title='bbox 611 4314 733 4372; x_wconf 85' lang='lat' dir='ltr'>Iudaica</span> <span class='ocrx_word' id='word_1_250' title='bbox 755 4317 897 4374; x_wconf 87' lang='lat' dir='ltr'>orituram</span> <span class='ocrx_word' id='word_1_251' title='bbox 919 4315 1034 4374; x_wconf 87' lang='lat' dir='ltr'>dixerat</span> <span class='ocrx_word' id='word_1_252' title='bbox 1054 4317 1201 4390; x_wconf 88' lang='lat' dir='ltr'>prosapia</span> 
     </span>
    </p>
   </div>
   <div class='ocr_carea' id='block_1_14' title="bbox 0 0 1368 5026">
    <p class='ocr_par' dir='ltr' id='par_1_24' title="bbox 0 0 1368 5026">
     <span class='ocr_line' id='line_1_38' title="bbox 0 0 1368 5026; baseline 0 0"><span class='ocrx_word' id='word_1_253' title='bbox 0 0 1368 5026; x_wconf 95' lang='lat' dir='ltr'> </span> 
     </span>
    </p>
   </div>
  </div>
 </body>
</html>
