2772 5024
607 417 862 496 ’Μ’

204 606 244 666 25
264 606 347 664 'Felix
370 607 419 680 pio
443 604 480 662 de
502 606 625 666 vulnere
803 605 905 666 tiloriu
927 608 967 666 sit
987 609 1052 666 Deo
1073 608 1165 676 Pttri,

268 691 454 766 quodpoena
462 693 592 764 palmam
600 693 739 766 praebuit
754 693 796 752 3⁰
803 694 899 767 gioria
921 687 1089 768 Unigenitu

268 780 319 852 qui
341 782 436 834 morte
451 783 577 835 mortem
597 779 747 845 conteris,
803 795 952 836 unacum
975 785 1080 837 sancto
1103 781 1215 856 Spiritu

190 859 192 867 ’
266 881 345 922 nunc
366 880 462 937 regna
490 864 565 920 coeli
587 863 735 938 possides.
800 866 829 922 in
853 867 1034 940 sempiterna
1056 868 1185 926 saecula.

202 983 313 1040 Luchi:
336 983 465 1040 Huiusce
486 983 584 1056 tymni
614 986 783 1040 mentionem
810 986 926 1057 feceret
946 986 1103 1043 IIilduinus
1124 989 1219 1044 Attus
1240 991 1267 1044 in

202 1071 324 1144 epistole
350 1069 390 1124 nd
409 1069 580 1126 Ladouicum
603 1069 687 1126 Pium
707 1071 876 1142 Anqustnm,
900 1087 974 1143 quac
997 1079 1096 1128 castet
1116 1073 1195 1146 apud
1216 1073 1266 1129 Su-

202 1156 276 1210 rium
298 1153 338 1210 nd
358 1155 431 1210 diem
457 1155 483 1210 9.
508 1153 618 1218 Octolzr.
642 1155 722 1212 luisse
743 1156 854 1212 uerbis:
888 1155 1113 1231 Contempornlis
1137 1157 1266 1232 Greqorii

205 1241 381 1297 Turonensis
402 1247 433 1297 et
458 1241 727 1298 scholasticissimus
749 1241 942 1308 Fortunatus,
973 1245 1023 1314 qui
1046 1244 1136 1316 plura
1159 1249 1194 1298 et
1207 1245 1268 1316 fre·

171 1328 175 1336 '
202 1332 323 1399 quenter
349 1325 388 1382 ud
415 1344 477 1382 eum
506 1323 674 1399 scripserat,
696 1327 830 1398 dymnum
858 1327 1037 1400 rhythmicae
1058 1330 1267 1402 compositionis

196 1411 420 1486 pulcherrimum
450 1412 485 1466 de
511 1415 566 1468 isto
587 1413 794 1484 pluriosissimo
816 1419 944 1485 marture
966 1415 1138 1488 composuit,
1162 1417 1192 1470 iu
1215 1433 1268 1488 quo

201 1504 406 1564 commemorat,
431 1516 493 1552 eum
515 1516 533 1552 a
554 1504 654 1556 sancte
676 1497 820 1564 Clemente
835 1497 1019 1566 destinatum,
1041 1501 1119 1558 sicot
1139 1502 1168 1556 in
1191 1501 1268 1556 Leli-
1377 1515 1378 1518 ’

180 1600 300 1648 ¹norum
317 1583 436 1658 pnqinis
452 1581 542 1639 edidit
563 1589 615 1637 ele.
652 1582 736 1638 Hunc
758 1581 860 1639 deinde
882 1583 1015 1656 hymnum
1038 1585 1129 1642 edidit
1143 1588 1267 1659 primum

201 1667 321 1724 lacobus
343 1669 493 1724 Dublclius
516 1669 562 1724 lib.
586 1667 610 1724 Ι.
634 1667 730 1740 Antip.
763 1669 838 1724 unde
866 1671 918 1725 ulii
945 1671 1023 1725 illum
1053 1689 1201 1745 sumpsere
1208 1689 1218 1735 ;
1241 1678 1270 1726 et

4 1783 5 1798 .
116 1775 122 1785 ’
202 1755 278 1808 inter
298 1753 350 1810 lios
372 1753 664 1827 Editorcs.0perum.
688 1753 717 1809 s.
741 1753 883 1826 Dionysii,
906 1755 985 1810 Edit.
1016 1755 1112 1811 Venet.
1137 1775 1162 1812 a.
1182 1755 1266 1812 1756.
1339 1818 1343 1822 ,

200 1839 355 1912 Repetitur
384 1845 414 1896 et
442 1840 472 1894 in
507 1838 645 1896 Vindiciis
673 1839 885 1913 Areopuqlticis
913 1841 947 1895 P.
978 1841 1130 1896 Laurentii
1153 1841 1267 1908 Gonnum

201 1923 287 1980 editis
309 1923 425 1980 Romae
438 1943 463 1980 n.
488 1924 577 1980 1702.
622 1924 661 1978 m
681 1925 827 1981 Leunoius
861 1929 891 1982 in
921 1925 1069 1982 Dissertat
1095 1926 1132 1984 de
1160 1927 1269 1984 duobus

199 2010 282 2066 Ilion.
306 2028 329 2065 c.
354 2009 401 2066 18.
426 2017 514 2084 nepai
534 2010 609 2068 tnnc
631 2009 764 2082 tumetum
787 2029 850 2066 esse
872 2013 1033 2078 Fortunati,
1056 2012 1110 2068 sed
1130 2031 1192 2068 reue
1213 2031 1268 2068 non

199 2097 311 2162 evincit,
335 2097 468 2168 quocirca
484 2115 540 2152 non
556 2096 683 2152 dubitavi
704 2097 784 2152 illum
806 2097 892 2154 edere
912 2099 965 2156 sut
979 2099 1132 2154 Fortunali
1146 2100 1268 2164 stamine,

124 2203 130 2210 ·
196 2183 370 2255 praesertim
393 2199 454 2238 cum
477 2189 508 2237 et
528 2182 622 2244 stilus,
646 2183 770 2256 optimus
792 2185 883 2250 testis,
907 2183 938 2240 id
957 2183 1088 2240 suadent.

636 2310 832 2328 -..φὴ-...η

357 2397 365 2416 ⁸
439 2390 440 2393 ’
495 2373 650 2444 Bellator
678 2379 789 2444 armis
810 2377 973 2462 inclytus.
1084 2393 1087 2401 ’

472 2476 555 2535 Thes-
573 2477 594 2528 Ι.
613 2495 640 2546 p.
661 2478 716 2532 105.
757 2477 801 2531 De
820 2479 847 2532 S.
866 2479 996 2534 Martius.

244 2650 255 2656 ,
285 2587 356 2644 Cod.
379 2587 512 2672 Rhenov.
536 2589 585 2648 91.
609 2607 688 2647 saec.
708 2583 778 2646 XL:
810 2593 838 2650 2.
863 2597 978 2648 notus.
1025 2594 1052 2651 3.
1078 2611 1167 2670 quos
1191 2612 1269 2670 gres-

200 2675 303 2732 seris.
348 2672 377 2734 7.
402 2673 548 2736 Christo
571 2678 652 2751 ipsa
675 2675 843 2734 concidit
891 2677 937 2738 17.
961 2696 1045 2736 eum.
1095 2679 1267 2756 lit-quos.
1350 2699 1353 2708 ⁴

630 2831 830 2840 muman-n*

295 2920 445 3002 Quumm
473 2925 598 2989 nostru
618 2921 710 3006 fides
739 2929 854 3016 empta
881 2923 1071 3021 tuberibus.
1116 2925 1167 2998 M.

360 3022 393 3074 Iu
411 3023 496 3076 Festo
516 3022 646 3077 Omnium
665 3025 713 3079 SS.
731 3025 897 3094 Martyrum.
933 3023 1024 3078 XXII.
1041 3027 1105 3080 lun.

352 3135 486 3208 Quantis·
499 3142 604 3196 ¹nostru
630 3137 708 3196 fides
729 3145 829 3213 empta
851 3139 1017 3202 laboribus!

352 3239 441 3295 quam
464 3228 510 3280 tot
531 3226 672 3298 purpurei
696 3225 840 3298 sunguine
867 3225 1017 3300 Martyres

352 3309 512 3384 signatam,
537 3309 654 3366 caleant
676 3315 709 3366 ut
730 3312 780 3383 pia
801 3315 927 3388 pectora

497 3397 694 3478 ¹transmisere
707 3395 888 3469 nepotibus!

304 3511 411 3572 5Hac
434 3513 582 3586 spiramus
605 3513 716 3582 adhuc,
740 3517 865 3572 vivimus
888 3516 944 3572 hae
967 3516 1040 3574 tide:

261 3625 263 3632 ι
350 3597 419 3654 hino
444 3615 514 3670 spes
538 3603 620 3656 certa
641 3602 737 3657 venit:
761 3603 894 3658 nn'snitur
916 3601 984 3660 hinc
1008 3602 1105 3661 satus:

350 3700 367 3740 ο
390 3700 444 3738 nos
468 3683 647 3762 degeneres,
672 3687 696 3740 si
718 3687 821 3760 pigeat
842 3688 921 3743 viam

502 3773 547 3825 tot
569 3771 669 3826 tritam
692 3769 816 3828 ducibus
837 3761 935 3850 sequi.
1077 3827 1084 3840 ,

348 3887 411 3946 Hos
435 3906 493 3946 non
516 3889 682 3948 haereseon
705 3892 843 3964 impietas
866 3897 927 3960 tuo,
946 3913 949 3919 s

285 3973 322 4030 10
345 3971 488 4048 Princeps
513 3975 644 4042 Christe,
668 3977 738 4050 iugo
762 3979 918 4051 surripuit:
943 3979 998 4036 tibi

239 4113 241 4118 ,
347 4058 404 4115 hos
427 4065 522 4116 mater
543 4063 675 4140 peperit:
706 4062 838 4119 vindicat
860 4063 916 4119 hos
940 4064 995 4122 sibi
1069 4080 1072 4089 ·

502 4143 561 4200 dux
582 4145 718 4204 Ecclesia
740 4149 857 4206 milites.

348 4264 391 4322 Ex
413 4265 471 4322 hoo
494 4264 575 4325 fonte
599 4265 676 4326 diem
697 4267 815 4340 plenius
837 4268 1010 4338 hausissem

349 4349 459 4413 Christi
481 4351 588 4427 religio
609 4351 740 4411 moribus
762 4354 880 4428 integra
