2732 5026
218 641 293 699 haec
317 643 480 699 oscitanter
494 641 613 716 prolata
628 645 706 709 sunt,
731 657 798 697 cum
820 657 849 715 p.
867 641 935 706 118,
953 641 1135 715 scripserim:
1162 641 1212 712 „S.
1227 641 1276 698 Au·
1352 657 1353 722 p

218 729 370 804 gustinum
385 729 522 784 carminis
538 731 691 784 auctorem
706 743 774 784 esse
789 719 1035 802 putabitnemo.“
1058 725 1152 784 Recte
1167 726 1276 784 Treneh
1351 731 1353 802 ζ

217 833 246 888 p.
270 812 348 874 296:
376 814 443 870 Tbis
462 832 545 890 poem
567 813 706 870 hasbeen
728 814 818 885 often,
842 813 893 886 but
907 813 1103 887 erroneousdy,
1127 814 1279 895 attributed

219 907 246 956 to
268 897 613 974 Anqustinefenidentdg(
635 917 671 955 on
702 899 748 956 tlte
776 897 892 976 prouud
920 899 983 955 that
1011 900 1035 955 it
1053 898 1131 972 finds
1148 901 1234 974 ploce
1253 902 1277 955 in

219 985 265 1042 lde
287 984 506 1052 Meditationes,
536 984 627 1042 abiah
656 1001 733 1040 ruere
762 985 828 1059 donp
857 983 991 1042 ascribed
1019 991 1047 1042 to
1078 983 1142 1042 that
1170 985 1276 1042 Futber.

221 1070 312 1128 These
333 1070 545 1137 Meditutiones,
568 1070 708 1137 however,
731 1088 783 1126 ere
800 1071 916 1144 plainly
939 1089 956 1126 a
979 1077 1060 1128 eento
1080 1069 1158 1142 from
1171 1071 1277 1127 Ansedn

220 1155 350 1230 Grepory
373 1155 419 1212 tlte
445 1154 541 1224 Great,
565 1156 624 1212 und
643 1174 729 1228 many
750 1156 848 1237 others
876 1155 987 1212 besides
1015 1156 1193 1230 Aupustin'e5
1212 1157 1278 1228 fron

216 1241 305 1298 rubam
329 1241 395 1313 tbep
418 1259 469 1296 are
491 1241 600 1315 riqtbdp
622 1241 766 1315 adiudped
786 1257 868 1314 arvey
890 1242 927 1314 by
950 1240 998 1297 tbe
1019 1239 1209 1297 Benedicitur
1230 1239 1278 1297 edi·

217 1334 289 1393 turs,
309 1345 343 1382 as
364 1325 469 1382 indeed
489 1326 555 1399 tbey
577 1325 769 1400 badadreudy
791 1327 860 1383 been
882 1329 912 1383 in
935 1327 1042 1383 earlier
1056 1325 1204 1383 editions(
1230 1326 1278 1382 lbe

215 1412 301 1484 bymn
324 1413 350 1468 is
371 1411 564 1484 undoubtedly
585 1411 750 1479 Damiunis,
774 1411 833 1468 and
853 1413 932 1486 quite
954 1412 1003 1469 tbe
1022 1413 1091 1484 diret
1112 1412 1172 1468 und
1191 1401 1295 1486 preat·¹

217 1503 262 1552 est
282 1497 373 1553 robieb
395 1497 431 1553 be
453 1497 506 1554 bas
529 1497 583 1569 left
607 1517 650 1554 us.
675 1525 719 1536 -
740 1497 846 1571 Neque
872 1497 959 1554 facile
988 1498 1055 1572 quis
1085 1496 1278 1571 adstipuletur
1328 1525 1332 1536 ·

217 1581 329 1638 Monio:
352 1583 408 1639 Die
429 1583 512 1639 Form
535 1581 586 1639 des
608 1585 709 1658 obipen
731 1583 835 1640 niens
866 1585 907 1640 ist
927 1587 1000 1640 etue
1023 1583 1087 1640 100
1108 1583 1199 1640 dabre
1220 1587 1277 1658 epd-

219 1674 263 1727 ter
284 1669 329 1724 ade
350 1669 539 1744 Auqustinue.

650 1831 852 1841 -....-.,-.-.

505 1999 617 2068 lunda
640 1999 784 2068 thenas
806 1999 990 2068 Ieremioe.
1037 1970 1045 1978 “

284 2117 375 2172 Chant
393 2118 444 2172 des
463 2117 584 2172 Groisbs.
619 2118 666 2172 Du
684 2117 765 2172 Meril
783 2118 898 2174 Pobeies
917 2121 969 2172 etc.
988 2116 1009 2170 1.
1027 2133 1053 2186 p.
1075 2118 1126 2170 408
1144 2132 1207 2186 sqq.

278 2263 364 2320 quta
385 2264 508 2321 threnos
531 2263 673 2322 Ieremias
749 2265 789 2326 25
814 2264 1062 2340 Sedadpugnam
1074 2265 1275 2339 congressuris

277 2365 348 2406 vere
372 2348 453 2424 Syon
474 2350 579 2424 lugent
600 2353 676 2421 viae,
814 2357 861 2409 est
883 2351 1004 2408 athletis
1027 2368 1104 2424 opus
1127 2349 1217 2418 duris,

279 2434 360 2510 quod
383 2435 507 2491 solemni
530 2453 589 2492 non
612 2439 650 2493 sit
673 2436 720 2494 die
811 2456 870 2494 non
892 2436 1013 2492 mollitis
1035 2435 1187 2510 Epicuris3

299 2521 350 2595 qui
373 2521 564 2594 sepulchrum
586 2523 695 2592 visitet,
758 2575 759 2584 ,
833 2541 893 2580 non
916 2524 993 2578 enim
1015 2521 1065 2596 qui
1087 2521 1221 2596 pluribus

192 2635 195 2644 ι
234 2602 252 2663 5
297 2605 345 2664 vel
368 2622 470 2664 casum
492 2609 652 2664 resuscitet
835 2613 933 2666 cutem
956 2611 1061 2664 curant
1084 2605 1248 2681 sumptibus

308 2691 406 2780 'huius
429 2691 613 2768 prophetiae.
750 2693 790 2753 30
856 2699 958 2751 emunt
978 2693 1073 2750 Deum
1096 2693 1184 2749 curis.

278 2821 746 2921 Contraquodprophetescribit,
854 2863 982 2940 Lignum
1004 2863 1102 2919 crucis

277 2930 358 3006 quod
381 2929 418 2988 de
441 2931 522 3006 Syon
544 2933 591 2988 lex
615 2933 716 2990 exibit:
854 2951 973 3026 signum
995 2948 1079 3004 ducis

276 3033 428 3091 nunqnam
450 3017 490 3072 ibi
512 3018 559 3074 len
581 3018 690 3090 peribit
833 3037 968 3111 sequitur
990 3035 1214 3091 exercitusetc.

218 3100 257 3158 10
299 3117 355 3160 nee
378 3099 500 3158 habebit
522 3101 677 3172 vindicem,

297 3185 348 3244 ubi
371 3186 507 3244 christus
529 3189 653 3246 calicem
778 3235 782 3242 ‚
811 3171 888 3228 Novi
909 3189 1027 3230 rursum
1048 3169 1202 3228 Philistaei

318 3271 471 3330 Passionis
492 3272 574 3330 bibit.
812 3263 902 3332 capta
924 3273 1022 3326 cruce,
1046 3257 1142 3313 crucis
1165 3256 1215 3322 rei,

344 3409 350 3422 ,
539 3411 545 3423 ·
811 3346 990 3416 receperunt
1012 3359 1111 3398 arcam
1132 3341 1195 3398 Dei.

317 3407 444 3508 Lignum
467 3426 573 3510 “belse
833 3445 934 3486 arcam
955 3428 1023 3484 novi
1045 3426 1184 3494 foederis,
1268 3499 1278 3507 ἢ

319 3493 544 3570 ⁸¹8¹1¹¹mdu⁰¹⁸
750 3513 790 3574 ab
834 3531 898 3570 rem
919 3515 1033 3588 figurae
1056 3514 1175 3582 veteris,

100 3593 103 3606 ¹
215 3575 252 3636 15
297 3582 433 3656 sequitur
453 3581 600 3650 exercitus
856 3604 926 3674 post
947 3599 1074 3673 figuram
1095 3599 1147 3654 rei.

214 3673 216 3678 ’
280 3665 400 3740 'quod
422 3683 480 3722 non
505 3668 605 3736 cessit,
733 3723 737 3738 „

320 3749 374 3807 sed
395 3753 562 3826 praecessit
812 3733 872 3794 Sed
895 3737 1105 3816 cumconstat,
1122 3731 1202 3809 quod
1220 3731 1271 3788 sint

296 3836 325 3892 in
348 3837 376 3893 vi
400 3835 500 3896 Sancti
524 3837 661 3910 Spiritus.
1104 3820 1155 3878 isti

810 3922 1023 3982 praecursores
1046 3904 1228 3970 antichristi,

275 3969 525 4046 superandum
548 3991 623 4030 onus
645 3973 717 4048 Tui
812 3991 920 4068 quibus
936 3991 1154 4048 onustusvun
1167 3986 1270 4047 resisti:

153 4127 164 4135 ,
212 4055 253 4115 ²⁰
275 4073 352 4114 ΜΟ
376 4055 519 4158 ᾷθῦθῑθῑή
541 4060 634 4158 {OQ
656 4060 710 4117 Viri
747 4077 789 4136 40
833 4076 914 4152 quid,
938 4078 989 4151 qui
1012 4094 1071 4133 non
1094 4077 1244 4138 restiterit,

277 4159 347 4200 ΒΜ
362 4159 442 4202 ”¹0⁸
458 4161 593 4219 expenn,
833 4161 1017 4237 respondere
1039 4164 1152 4236 poterit

297 4230 349 4304 nui
371 4234 487 4287 certant
509 4229 642 4305 quosne
853 4250 883 4305 m
905 4246 1035 4306 inventu
1057 4246 1184 4305 cussa?

296 4313 434 4373 laudibus
450 4315 573 4374 militiae
1016 4319 1021 4324 “

320 4401 415 4477 matis
437 4391 580 4477 insigniri.
855 4401 983 4479 Lignum
1005 4403 1102 4460 crucia
1125 4405 1180 4459 etc.
