2732 5026
543 341 549 348 .

93 594 129 652 alc
146 594 311 652 Ambrosias.
349 593 413 652 Iam
435 595 557 668 saepius
579 594 641 652 Viri
662 584 753 652 Docti
773 592 915 654 indicium
928 610 1076 670 praeceps
1099 602 1143 653 at-

93 695 140 752 que
160 680 285 754 iniquum
307 677 502 738 ostendimus.
548 679 626 736 Sane
648 696 720 738 vero
744 695 880 748 carmen,
910 697 977 736 cum
1000 697 1035 736 ex
1056 697 1143 754 prae·

92 761 192 821 cedenti
212 783 238 823 v.
259 765 309 824 24.
332 783 420 822 suum
440 765 541 833 iaciat,
571 765 747 822 recentioris
777 765 887 822 aetatis
917 769 980 833 est,
1013 767 1141 823 sortasse

91 849 186 906 saeculi
207 851 332 925 septimi.

145 991 207 1046 (lod.
224 993 349 1047 Rhenov.
368 993 415 1060 (R)
450 991 535 1046 lione
554 991 615 1060 (Hs.
639 1007 694 1045 von
714 992 741 1045 S.
759 991 845 1045 Peter
866 991 919 1045 No.
932 993 973 1046 17.
992 1009 1027 1044 au
1044 991 1141 1047 Karis-

89 1061 146 1114 rnhe
161 1062 208 1114 mit
226 1063 278 1116 der
287 1062 419 1124 Melodie‚
441 1063 479 1114 ll.
497 1061 595 1114 Jahrh.
614 1061 651 1113 ad
665 1060 878 1128 completorium
896 1061 1140 1128 durchdiegenae

89 1127 187 1182 Octave.
220 1132 334 1184 Andere
352 1129 402 1182 Hs.
421 1130 547 1182 daselbst
565 1129 616 1182 No.
636 1130 676 1182 13.
696 1131 735 1181 11,
753 1127 850 1180 Jahrh.
870 1129 905 1180 dc
923 1128 1020 1195 vigilia
1039 1130 1075 1182 ad
1093 1145 1141 1182 ve·

87 1212 178 1252 seras.
211 1198 262 1251 He.
285 1215 320 1252 zu
345 1198 489 1265 stuttgart
511 1197 593 1252 Brcv.
619 1198 675 1250 101.
701 1196 736 1250 de
759 1197 861 1262 spiritu
883 1212 905 1250 s.
925 1197 961 1248 ad
978 1201 1140 1250 nocturnos.

109 1280 127 1318 s.
142 1283 173 1318 aa
190 1267 309 1320 Freibur
347 1265 399 1320 No.
419 1269 459 1319 56.
479 1269 518 1320 11.
536 1265 642 1328 Jahrb.
662 1265 691 1317 in
708 1264 828 1316 meincm
846 1263 954 1326 Recita,
975 1264 1139 1337 lassari..

86 1347 131 1388 ron
147 1335 172 1388 S.
188 1335 273 1388 Peter
318 1351 343 1387 o.
362 1338 402 1388 55.
421 1350 457 1386 zu
473 1333 637 1396 Karlsruhe‚
658 1334 698 1390 11.
715 1333 826 1395 Jahrb„
847 1349 884 1385 au
901 1330 1080 1386 Lichtenthsl
1099 1335 1138 1388 13.

85 1399 166 1456 Jahrh.
183 1403 230 1470 M.)
268 1403 455 1472 Stephenson.
475 1402 518 1469 (S)
548 1397 552 1406 '

158 1552 182 1608 1.
203 1551 257 1609 M.:
282 1551 391 1626 pendia
406 1551 498 1607 haben
521 1551 588 1617 alle,
612 1550 648 1606 dc
671 1549 724 1605 der
745 1549 815 1616 Vens
835 1548 897 1604 sict
919 1547 989 1604 ader
1010 1549 1069 1620 auf
1085 1548 1139 1606 den

48 1658 53 1664 ·
84 1639 186 1711 ccriqcn
206 1637 398 1712 symensi.
424 1635 451 1692 8.
476 1635 603 1702 decicit,
633 1653 666 1691 co
695 1637 736 1692 ist
762 1633 838 1690 wohl
866 1640 993 1708 tempora
1022 1633 1069 1691 dic
1090 1653 1140 1692 ac*

84 1723 251 1797 cpcdaplc'cltc
280 1723 393 1780 Lcscrt.
437 1721 504 1778 Non
534 1720 697 1776 consentin.
741 1717 769 1775 5.
791 1717 826 1774 R.
850 1717 1003 1774 luminis.
1049 1717 1077 1776 6.
1099 1719 1139 1774 Μ.

82 1809 178 1880 liparas
198 1811 267 1866 ancil
288 1809 395 1866 bccccr.
417 1807 571 1881 figuram
594 1805 751 1862 collective
773 1804 912 1877 positum.
946 1805 993 1860 11.
1017 1803 1057 1859 Μ.
1081 1823 1139 1861 mc·

83 1891 140 1949 dere
158 1895 248 1951 haben
271 1895 339 1961 alle,
362 1894 417 1949 mir
437 1893 551 1950 schcint
572 1891 618 1948 dic
640 1889 863 1964 urspric'nqlc‘clcc
877 1889 982 1944 Lecart
1004 1890 1137 1956 calere,

82 1995 131 2035 aas
156 1983 207 2037 mit
227 1976 343 2053 fervidi
377 1979 408 2036 V.
433 1977 461 2034 8.
490 1979 589 2035 desccr
609 1975 871 2047 zusammenianc.
916 1973 1036 2028 Minime
1059 1991 1138 2031 vero.

83 2062 186 2137 Optime
201 2085 228 2124 v.
249 2067 298 2122 11.
319 2065 365 2124 12.
382 2062 474 2121 verba
496 2063 552 2120 sibi
566 2059 750 2136 respondent
771 2057 914 2127 madere
938 2062 968 2114 et
989 2059 1137 2132 repleri.

17 2177 26 2214 κ.
81 2148 193 2209 Accedit
221 2149 320 2228 quod*
334 2147 482 2206 madere
511 2165 545 2204 ex
576 2147 815 2208 adversariorum
843 2148 943 2200 mente
967 2145 1139 2200 contemtim

81 2237 222 2309 prolatum.
262 2236 445 2310 Ceteroquin
468 2233 610 2290 madere
637 2251 694 2291 vox
717 2235 764 2288 cst
778 2230 1020 2304 frequentissima
1041 2231 1071 2286 in
1092 2246 1149 2286 rev

80 2318 127 2378 bus
146 2321 314 2387 Bacchicis.
360 2320 419 2378 Cic.
443 2319 571 2396 Philipp.
588 2320 616 2378 2.
641 2317 708 2376 105.
752 2315 858 2374 Tibull.
882 2315 910 2384 3,
935 2314 963 2383 6,
987 2315 1015 2372 5.
1060 2315 1139 2372 Mar·

81 2407 124 2463 tial
146 2409 190 2477 ll,
216 2407 386 2469 16..Plaut.
411 2405 498 2462 Truc.
523 2405 552 2473 Is,
576 2393 606 2472 4¹,
629 2403 666 2463 2.
705 2403 751 2460 18.
768 2401 808 2458 Μ.
832 2401 968 2458 cernui.
997 2400 1054 2456 M.:
1077 2419 1139 2464 ces-

80 2488 341 2574 cccictqepealdcn
356 2493 446 2550 Reim.
485 2491 525 2547 Α1
540 2489 620 2547 valet
636 2487 772 2545 codicum
788 2487 952 2542 auctoritas
969 2489 999 2542 ct
1015 2503 1137 2542 sensus:
1253 2513 1259 2530 ι

80 2594 136 2636 nam
156 2581 258 2639 vultu
287 2579 470 2680 necessitate
493 2574 623 2656 quadarn
645 2573 799 2648 epitheton
822 2571 964 2646 exposcit.

137 2703 182 2760 (ia.
201 2705 248 2760 Os.
267 2705 298 2758 P.
316 2703 351 2758 D.
369 2703 476 2759 faciunt
495 2719 557 2758 cum
575 2701 731 2754 Thesauro.

338 2995 475 3074 tinacia
497 2995 561 3060 lan
583 2987 786 3062 (letaniae.
829 2985 871 3052 R.

230 3117 317 3169 Thes.
334 3114 357 3168 I.
375 3131 403 3182 p.
420 3115 478 3170 259.
500 3109 550 3164 'De
569 3103 831 3176 Transfiguratione
849 3102 970 3157 Domini.

133 3279 157 3338 0
178 3287 252 3338 nata
273 3280 324 3336 lux
347 3278 384 3336 de
410 3278 520 3336 lumine
669 3273 762 3345 Vates
785 3269 909 3325 alumnis
933 3263 1051 3324 abditos

131 3365 204 3424 Jesu
226 3365 404 3440 redemptor
425 3361 553 3420 saeculi:
669 3352 740 3412 Tuis
764 3356 890 3411 alumnis
918 3353 1083 3418 conferens,

132 3451 263 3527 Dignst-e
282 3452 414 3508 clemens
430 3447 598 3522 supplicum
616 3442 652 3502 15
669 3442 811 3515 Utrisque
833 3445 864 3495 tc
887 3437 1027 3496 divinitus
1096 3519 1099 3526 Δ

131 3537 252 3596 Laudes
279 3551 449 3612 precesque
479 3548 605 3590 sumere.
671 3529 766 3585 Deum
789 3523 898 3582 dedisti
921 3521 1052 3580 credere.

95 3686 189 3760 tQui
213 3709 304 3750 carne
318 3687 469 3768 quondam
484 3685 605 3760 contegi
670 3681 713 3738 Te
737 3697 794 3737 vox
815 3683 942 3753 paterna
965 3675 1091 3732 coelitus

88 3799 95 3822 r
133 3775 281 3853 Dignatus
305 3795 338 3836 es
360 3793 415 3851 pro
437 3771 597 3848 perditis:¹
673 3767 793 3824 Summa
814 3764 933 3822 vocavit
954 3762 1055 3844 lilium,

133 3861 194 3920 Nos
217 3863 351 3920 membra
374 3861 475 3920 confer
498 3857 576 3914 effici
671 3851 767 3921 Quem
789 3867 843 3906 nos
865 3847 947 3906 fideli
968 3852 1092 3921 pectore

133 3941 189 4006 'l'ui
210 3949 293 4006 beati
310 3947 452 4022 corporis.
607 3939 648 3998 20
670 3939 785 4026 Regem
806 3937 935 3992 fatemur
956 3933 1079 4008 gloriae.

134 4100 211 4160 Prae
234 4103 299 4160 sole
320 4103 406 4160 vultu
427 4100 591 4163 flammeus,
672 4088 814 4148 Concede
835 4087 921 4146 nobis
944 4072 1107 4162 qdesumus

81 4182 245 4245 lonensi
266 4189 378 4246 amictu
400 4183 554 4251 candidus,
670 4176 765 4233 Almia
788 4175 898 4235 micare
919 4173 1066 4229 moribus:

135 4270 169 4328 In
189 4279 291 4332 monte
315 4273 414 4348 dignis
435 4269 564 4328 testibus
671 4261 711 4319 Ut
734 4259 772 4318 ed
793 4260 930 4334 polorum
948 4258 1059 4334 gaudia

136 4356 311 4433 Apparuisti
338 4355 482 4416 conditor.
674 4347 765 4404 Bonis
788 4345 932 4404 vehamur
954 4345 1106 4401 actibus..

125 4454 239 4512 veniel,
253 4460 320 4504 Thes.
335 4445 413 4516 syme.
427 4455 462 4501 IV.
478 4439 481 4444 ’
908 4436 938 4492 11
