2904 5028
658 447 809 524 ·ld

298 605 382 694 Idem
402 635 452 693 rel
473 635 620 694 latronem
641 647 822 708 suspensum
836 623 851 711 ΙΙ
863 648 1028 710 persuasor
1048 631 1199 692 sacntoni
1214 647 1280 690 coa·
1312 685 1316 689 ,

410 722 501 780 vertit
522 722 552 778 in
575 721 777 780 confessorem

217 844 219 849 ·
299 804 431 870 Teloneo
453 805 605 882 quondam
628 803 784 866 sedentem
797 791 813 883 ΙΙ
826 805 933 866 artifex
954 805 1070 880 peritus
1094 803 1281 862 transformat

409 892 440 946 ln
462 891 686 970 evangelistam.

256 1009 363 1084 Atqui,
391 1010 416 1065 si
439 1009 611 1084 scripsisset
632 1014 724 1083 poeta
746 1007 840 1088 (quod
861 1014 893 1066 et
913 1009 1019 1066 melius
1042 1009 1171 1064 fortasse
1194 1005 1316 1064 scribere

255 1093 363 1168 potuit)
386 1089 557 1167 peritum,
580 1099 644 1150 tum
658 1097 729 1168 post
750 1108 950 1167 persuasor
971 1099 1003 1150 et
1017 1090 1152 1150 artilex
1175 1092 1316 1149 clausulas
1359 1099 1363 1114 ¹

256 1179 513 1253 interprmxi'ssem.
558 1179 654 1236 Multo
676 1179 787 1247 minus,
825 1195 892 1236 mea
914 1173 1035 1255 quidem
1057 1177 1219 1246 sententia,
1254 1173 1336 1250 post'

255 1263 348 1321 verba
376 1263 593 1333 imbecilliora„
615 1281 640 1321 e.
671 1283 700 1342 g.
730 1267 781 1334 in,
812 1267 938 1340 atque,
968 1266 1042 1344 qui,
1072 1281 1178 1342 quos,
1207 1263 1317 1338 aliaque

256 1346 540 1427 ciusdemgeneris.
584 1347 671 1419 Quod
694 1355 794 1406 tamen
817 1349 991 1426 saepissime
1007 1349 1079 1410 lacit
1093 1343 1220 1418 Monilia,
1235 1357 1259 1405 e.
1274 1363 1316 1424 p:

503 1513 507 1521 ,
561 1467 662 1544 Atque
683 1471 822 1544 pretium,
846 1474 884 1526 tu

560 1556 656 1614 vectis
680 1573 712 1612 es
734 1555 813 1612 botri
890 1583 896 1590 ·

559 1642 622 1696 nati
643 1643 673 1697 in
695 1641 789 1699 vineis
811 1637 956 1717 Engaddi
977 1667 1021 1678 --

556 1757 700 1818 Gaudere
723 1761 853 1818 ecclesia
874 1759 965 1818 hanc

559 1843 707 1912 dieculam
728 1843 908 1903 venerando.

239 1954 297 2020 ‘At
319 1979 410 2038 saepe
433 1961 551 2032 accidit,
574 1963 686 2022 nullam
707 1966 738 2022 in
759 1981 849 2022 versu
872 1959 1027 2042 emphasin
1048 1961 1091 2020 lta
1104 1961 1215 2029 inesse,
1237 1966 1270 2017 ut
1284 1955 1317 2016 de
1341 1985 1346 1999 ·

256 2041 416 2105 statuenda
437 2049 628 2106 intercisione
650 2049 687 2106 ab
711 2066 747 2107 ea
762 2045 930 2112 doceamur.
973 2045 1059 2117 Tum,
1083 2047 1202 2133 siquae
1218 2049 1317 2112 exstat,

255 2132 427 2208 quaerenda
462 2135 519 2190 crit
548 2137 736 2203 temnentia,
767 2135 925 2193 utilissima
953 2151 1026 2192 sane
1054 2139 1085 2192 et
1105 2129 1251 2191 fidissima
1271 2129 1318 2190 ad·

254 2219 350 2275 tutrix.
394 2219 537 2294 Exempla
558 2223 677 2277 exstant
697 2218 860 2282 mnumera.

338 2337 479 2414 Hymnite
501 2355 579 2396 nunc
602 2337 706 2414 superi
757 2313 878 2416 ¹pariter
899 2344 1041 2397 resonate
1062 2333 1148 2396 interi

337 2423 376 2480 Et
398 2426 492 2482 omnis
515 2425 545 2481 in
566 2421 685 2482 Domini
765 2427 887 2500 spiritus
910 2423 1077 2504 gratuletur
1099 2425 1211 2486 aenesi.
1233 2449 1275 2461 -

338 2541 471 2613 Quarum
493 2544 621 2601 coronis
726 2549 854 2602 ornatur.
871 2549 967 2626 mater
989 2545 1119 2602 ecclesia

338 2626 470 2698 Quarum
492 2629 663 2704 triumphis
726 2631 855 2688 exsultat
877 2631 1029 2704 coelorum
1050 2631 1144 2688 curia
1165 2651 1211 2670 *-
1266 2681 1270 2692 .

336 2747 464 2822 Spiritus
486 2748 564 2807 almo
672 2749 862 2807 'illustrator
882 2749 1034 2808 hominum

335 2829 479 2890 Horridus
500 2838 634 2901 nostrae
694 2837 802 2892 mentis
823 2836 897 2911 tuga
917 2835 1066 2894 mmbms.
1088 2857 1133 2878 ν·-
1190 2833 1200 2842 ‘
1238 2857 1245 2864 ·

335 2951 384 3008 Tu
405 2940 578 3026 purificator
600 2955 731 3013 omnium
791 2955 973 3030 flagitiorum
995 2953 1124 3029 Spiritus

334 3033 464 3094 Purifica
477 3040 579 3128 *nostri
602 3041 730 3096 oculum
790 3041 938 3098 interioris
959 3039 1095 3098 hominis.

249 3154 301 3212 ubi
330 3156 441 3230 optime
469 3157 547 3214 inter
576 3159 728 3216 omnium
757 3165 788 3217 et
816 3160 1044 3236 flagitiorum
1072 3156 1153 3217 cadit
1182 3169 1314 3216 caesura.

249 3240 372 3298 (iunctis
402 3242 480 3298 enirn
502 3259 539 3300 ex
560 3243 681 3319 flagitiis
709 3261 816 3320 puram
836 3251 993 3324 praestare
1015 3250 1146 3302 mentem
1167 3246 1195 3302 ei
1219 3243 1315 3310 debet,
1407 3251 1408 3254 ’

247 3327 300 3400 qui
323 3326 418 3412 Deum
440 3329 546 3386 oculo
568 3331 759 3388 interioris
781 3331 936 3390 hominis
958 3330 1061 3390 videro
1083 3328 1244 3390 desiderat
1333 3387 1335 3392 .

247 3440 311 3502 Iam
333 3463 366 3503 se
387 3441 523 3522 replicat
541 3437 546 3526 Ι
567 3449 680 3508 saeculi
706 3449 814 3508 series
834 3439 839 3526 Ι
858 3449 985 3509 maxima
1000 3439 1014 3527 ΙΙ
1027 3451 1109 3508 venit
1131 3447 1222 3508 etiarn
1240 3436 1247 3526 Ι
1264 3463 1312 3507 va·

274 3587 281 3596 ,
311 3533 349 3588 tis
373 3531 521 3592 Cumaeae
543 3535 692 3592 veridicae
712 3524 717 3611 Ι
735 3537 794 3592 iam
816 3525 905 3593 oetas
924 3537 1061 3594 carminis
1083 3522 1213 3612 ultima]

247 3615 332 3692 vago
354 3623 477 3676 remeat
495 3607 501 3696 Ι
520 3621 642 3678 saecula
660 3619 821 3679 revehens
841 3608 959 3698 laurea
973 3611 987 3698 ΙΙ
1001 3620 1111 3678 adsunt
1125 3625 1275 3696 tempo-ra

310 3720 371 3778 quo
394 3705 469 3778 gens
491 3706 589 3763 ferrea
610 3707 669 3763 iam
692 3705 809 3763 desinat
827 3695 832 3784 Ι
853 3711 886 3764 et
904 3706 1014 3769 mundo
1036 3707 1165 3782 pullulat
1179 3720 1275 3764 aurea

245 3819 327 3895 quod
350 3826 380 3878 et
402 3824 568 3898 exemplum
590 3826 708 3884 minime
731 3819 931 3902 spernendum
958 3829 1005 3884 est
1027 3821 1210 3893 crebriorem
1232 3839 1314 3882 asso·

242 3907 421 3976 nantiarum,
443 3915 552 3983 poetae
575 3907 698 3968 sanein
720 3911 830 3970 talibus
852 3907 978 3971 vinculis
1001 3909 1156 3988 gloriantis
1178 3909 1250 3968 ludi.

259 4051 267 4058 ·
328 4025 440 4102 Vigilat
460 4035 616 4104 pastorum
639 4045 712 4091 cura
786 4021 794 4108 Ι
815 4044 873 4102 vox
894 4031 1014 4092 audstur
1036 4032 1187 4108 angelica

328 4111 458 4171 cantant
479 4116 593 4190 inclyta
615 4118 750 4176 earmina
813 4118 905 4192 plena
924 4135 1001 4192 pare
1024 4123 1055 4176 et
1077 4117 1187 4193 gloria
1296 4131 1302 4140 ’
1384 4160 1391 4180 .

326 4197 446 4260 Christo
455 4201 603 4260 resemnt
617 4204 749 4277 'propria
813 4203 899 4260 nobis
921 4207 1034 4261 canunt
1053 4219 1090 4260 ex
1111 4202 1231 4280 gratia.-
1248 4221 1292 4241 ····

442 4299 549 4360 Gaude
571 4301 676 4362 homo:
739 4321 807 4362 cum
827 4303 989 4381 perpendis
1011 4305 1084 4363 talia

443 4385 549 4448 Gaude
570 4403 655 4448 caro:
737 4391 819 4450 iacta
841 4391 929 4451 Verbi
952 4391 1043 4450 socia.
