2788 5024
608 425 675 496 253

76 572 77 576 ¹
132 637 134 648 ·
186 601 267 668 543.
282 596 379 682 [aaa
398 597 605 686 psalmistae
628 597 833 664 &tiaratae
854 596 916 664 tibi
941 595 1091 668 uasere.
1129 609 1174 664 De

103 695 132 752 S.
155 693 383 769 Margareta.
427 691 517 751 Thes.
540 693 583 750 11.·
602 713 631 767 p.
659 692 727 751 195.

541 886 744 900 *ιι-σὼ,-

189 1035 260 1094 544.
285 1023 404 1102 [Setae
435 1021 525 1110 felix
545 1023 773 1108 Muydaleae.
820 1034 864 1090 De
888 1033 917 1090 S.
941 1033 1175 1108 Magdalens.

47 1159 53 1164 ·
102 1122 194 1180 Mune
209 1121 260 1178 ΠΙ.
282 1140 310 1196 p.
327 1119 397 1179 421.
421 1118 484 1186 (Hs.
499 1138 535 1176 au
550 1119 687 1194 Venedig
702 1119 810 1184 urm.
829 1119 894 1176 cod.
912 1119 960 1178 32.
987 1120 1033 1178 15.
1046 1120 1066 1176 J
1069 1117 1178 1188 ahrh.)]

118 1279 152 1334 l.
166 1277 254 1334 Salve
277 1259 347 1332 felix
368 1273 560 1350 Magdaleua,
661 1275 688 1332 8.
697 1273 825 1347 Propter
847 1276 947 1348 magni
976 1275 1036 1330 vim
1059 1277 1178 1342 amoris,

104 1378 107 1383 ’
168 1363 304 1423 crucifixi,
322 1361 386 1416 zelo
408 1360 507 1434 plena,
676 1359 794 1433 ¹plena
815 1361 940 1424 maximi¹
957 1357 1077 1428 doloris,

66 1459 69 1464 ·
135 1465 224 1522 ·u0s
246 1446 397 1521 perducas
420 1443 458 1500 ad
480 1461 605 1502 amoena
705 1443 864 1502 aestuabat
885 1447 965 1500 intus
988 1445 1060 1500 soris

60 1583 65 1587 .
167 1532 299 1607 paradisi
323 1531 440 1608 gaudia.
491 1548 493 1552 ·
705 1547 780 1588 roae
802 1529 993 1588 lamentabili.

126 1653 250 1711 2.D0na
272 1651 358 1708 nobis
382 1667 597 1718 caramerum,
661 1651 689 1708 9.
701 1649 807 1705 Stabat
830 1651 917 1724 juxta
945 1654 1177 1718 monumentum,

166 1739 214 1795 iac
237 1738 386 1811 repletum
407 1737 605 1802 lacrimarum,
708 1737 792 1792 euius
816 1752 867 1790 eor
890 1739 955 1790 erat
976 1735 1123 1792 intentum

168 1824 207 1880 sit
229 1824 391 1880 lamentum
419 1821 505 1878 nubis
527 1839 639 1891 aarum,
706 1823 785 1876 cirea
799 1821 953 1895 planetum
973 1824 1003 1876 et
1017 1820 1179 1878 lamentum

169 1915 200 1966 et
221 1909 361 1982 planetus
391 1907 515 1964 laetitia.
707 1905 797 1962 corde
820 1905 988 1963 miserabili.

128 2029 156 2086 3.
166 2027 357 2102 Magdalena,
381 2044 435 2082 nos
457 2025 586 2100 plorare,
648 2024 733 2084 10.0
757 2041 847 2099 quam
869 2025 937 2080 felix
959 2030 993 2080 tu
1015 2025 1105 2092 luisti,

170 2131 288 2187 semper
311 2117 411 2170 tecum
435 2113 596 2186 suspirare,
706 2111 817 2167 Christi
838 2109 933 2184 pedes
957 2127 1024 2167 eum
1046 2109 1146 2166 lavisti
1225 2146 1231 2153 -

170 2200 342 2256 crucifixum
363 2200 411 2254 sae
435 2198 534 2257 amare
705 2195 950 2270 lacrimandaque
973 2196 1087 2252 tersisti
1123 2251 1125 2256 ,

62 2346 67 2349 ,
171 2285 270 2342 cordis
296 2283 453 2342 desiderio.
702 2283 766 2344 ,tuis
791 2283 903 2338 sanetis
927 2281 1066 2361 crinibus.

125 2406 152 2463 l.
166 2403 356 2479 Magdalena,
380 2421 435 2460 nos
458 2407 543 2458 tuere
644 2401 725 2460 11.0
750 2401 897 2475 discipula
917 2400 1017 2468 beata,
1046 2444 1050 2451 ,

167 2491 343 2546 affectantes
367 2494 467 2545 tecum
489 2488 570 2555 fiere,
706 2505 783 2562 quae
805 2487 888 2543 fuisti
909 2487 1091 2560 Deo‘grata

167 2576 215 2630 iae
236 2569 336 2631 ridere
360 2577 390 2630 et
412 2575 557 2648 languere
705 2573 816 2629 Christi
839 2571 934 2646 pedes
958 2571 1094 2628 osculata

167 2661 275 2716 amoris
298 2659 444 2716 incendio.
706 2661 774 2714 tuis·
789 2654 908 2732 ungens
928 2657 1071 2714 manibus.

126 2779 155 2836 5.
169 2777 360 2853 Magdalena
384 2795 462 2852 quae
485 2777 567 2834 fuisti
645 2777 725 2836 120
750 2778 902 2851 exemplar
922 2778 1113 2851 poenitentis,

169 2866 210 2920 sie
234 2866 329 2921 amica
350 2863 426 2920 Jesu
450 2863 569 2930 Christi,
708 2880 785 2938 quae
807 2861 963 2937 gaudebas
986 2863 1016 2934 in
1029 2862 1178 2929 lamentis,

167 2950 215 3006 fac
237 2967 292 3006 nos
315 2951 396 3018 llere,
421 2967 499 3024 quae
521 2947 639 3016 flevisti,
706 2949 737 3004 in
759 2966 819 3024 qua
841 2949 896 3004 suit
919 2947 1007 3004 ardor
1028 2949 1137 3006 mentis

170 3037 260 3092 sitin
283 3035 356 3092 fietu
379 3033 530 3112 gaudium.
709 3036 795 3090 anxia
815 3033 975 3092 doloribus.

124 3155 152 3214 u.
163 3153 251 3224 Quod
273 3155 393 3224 audisti,
416 3157 463 3212 iae
487 3154 599 3223 audire,
646 3155 692 3213 13.
705 3154 896 3228 Magdalena,
919 3153 1029 3210 manda
1051 3154 1157 3222 zelum,

168 3238 249 3314 quod
272 3243 403 3308 sensisti,
425 3242 473 3298 iae
497 3243 617 3308 sentire,
673 3232 677 3242 ‘
706 3257 796 3316 quem
810 3240 944 3296 habebas
961 3242 1004 3296 sic
1027 3239 1177 3307 anhelum,
1211 3299 1215 3308 ,

167 3326 214 3380 lac
238 3341 290 3380 cor
311 3331 447 3382 nostrum
468 3321 590 3384 introire
683 3389 685 3393 7
706 3345 765 3400 quo
781 3319 997 3400 perducasnos
1012 3326 1043 3380 in
1059 3325 1176 3382 eoelum

168 3409 490 3484 lugubra'suspirium.
709 3413 769 3466 tuis
793 3413 888 3467 saeris
911 3409 1059 3484 precibus,

124 3529 153 3586 7.
166 3529 247 3586 Istae
270 3527 376 3586 laudes
390 3523 599 3604 ,Magdalenae
646 3529 892 3604 14.Magdalena‚
915 3529 994 3585 mala
1017 3527 1094 3596 dele,

169 3618 256 3690 quasi
279 3614 383 3673 dulces
407 3616 575 3681 cantilenae
709 3617 753 3672 tui
775 3616 915 3689 planetus
939 3616 999 3670 sint
1013 3612 1160 3678 medelae,

169 3707 239 3758 sunt
261 3719 371 3778 suaves
394 3707 426 3758 et
445 3717 592 3758 amoenae
660 3759 661 3762 ,
709 3717 829 3776 semper
851 3700 936 3756 nobis
960 3700 1019 3754 sint
1042 3697 1155 3754 tutelae

173 3786 313 3845 cordibus
336 3787 480 3846 fidelium:
711 3793 815 3844 eontra
838 3785 935 3842 earnis
958 3786 1038 3842 vitia.
1063 3856 1066 3862 Ι

368 3954 369 3957 .
414 3906 462 3968 15.
485 3903 681 3982 Magdalena,
706 3905 773 3964 dele
797 3907 884 3974 mala,

386 4042 392 4047 .
422 3989 426 3996 ⁴
483 3999 535 4050 tua
559 3993 643 4051 salva
664 4009 721 4050 nos
743 3993 857 4060 subala,

483 4085 549 4137 esto
572 4081 629 4147 via,
654 4077 711 4134 dux
735 4084 765 4136 et
788 4079 872 4136 scala

333 4167 340 4180 “
430 4231 434 4236 .
482 4164 521 4222 ad
542 4181 638 4240 regna
660 4165 832 4230 eoelestia„

161 4422 460 4514 Daniel‚'lbes.ilpnn.
483 4454 506 4502 V.
