2728 5028
145 616 168 674 Ο
187 615 329 691 passionis
352 618 482 682 munnae,
666 612 763 684 Quem
774 629 829 692 ros
843 612 960 682 doletis,
974 621 1077 675 noster
1090 627 1138 678 est

41 733 47 742 ·
94 701 125 762 10
143 702 214 768 Iesu,
234 702 338 769 Maria,
362 702 489 758 conscii!
667 717 757 767 error,
780 700 922 776 furorque
946 689 1107 773 eriminutn,

143 789 248 846 alterna
269 787 354 844 vobis
376 787 502 844 vulnera
605 784 642 842 15
665 790 761 842 toturn
784 786 883 842 scelus
905 787 1068 848 fatentibus

142 875 241 930 inferre
263 870 383 930 tandem
404 873 528 946 parcite.
665 878 782 944 partem
805 871 916 928 doloris
939 873 1063 932 reddite.

335 1024 391 1096 Qui
413 1030 502 1081 natus
525 1041 558 1080 es
581 1023 619 1080 de
641 1025 762 1098 Virgine
785 1030 841 1082 etc.

347 1304 469 1390 Panpe
487 1273 609 1390 tapeta
630 1308 863 1372 sacratarum.

84 1425 111 1478 In
124 1425 202 1479 Festo
219 1422 494 1498 Armorum-(thristi
511 1423 562 1544 fiir.
581 1424 603 1476 6.
622 1427 688 1544 post
705 1421 787 1476 Dom.
806 1424 835 1477 in
854 1425 941 1479 Albis.
976 1426 1017 1480 Ex
1035 1427 1134 1496 Propr.

547 1507 623 1560 ogun
636 1507 692 1546 rue.

134 1641 232 1716 Pange
254 1641 358 1716 lingua
381 1644 566 1698 sacratorum
664 1639 724 1695 Dat
744 1639 826 1697 Elias
849 1639 983 1699 abiturus

2 1727 3 1740 ²
84 1761 86 1765 ,
123 1733 280 1783 'armorum
301 1727 470 1802 praeconia,
663 1724 764 1794 Elizep
786 1713 942 1800 pallium,¹

76 1843 82 1856 ·
115 1812 182 1878 ,Dei
203 1817 277 1870 nato
301 1829 378 1890 quae
402 1811 537 1868 dolorum
591 1809 642 1868 -15
666 1809 718 1866 dat
739 1811 868 1868 Messias
891 1815 1050 1870 moriturus

132 1900 292 1956 extiterunt
315 1897 436 1964 semina,
667 1901 769 1970 togam
790 1899 820 1952 in
844 1898 994 1956 solatium:

1 1971 5 2056 0
95 1983 111 2042 5
131 1983 249 2060 quando
267 1985 362 2040 sensit
376 1987 591 2040 tormentorum
667 1981 741 2038 haee
751 1999 797 2038 me
806 1986 900 2056 tegat,
917 1999 984 2042 eum
992 1989 1135 2044 venturus

1 2063 3 2145 ζ
111 2072 186 2128 ‘rim
207 2071 286 2127 hora
307 2070 477 2127 novissima.
665 2083 719 2123 ere
739 2067 777 2122 ad
800 2065 947 2126 iudicium.

130 2225 211 2282 Clavi
233 2227 329 2298 eaput
350 2222 503 2279 infernalis
664 2221 768 2277 Moses
790 2226 907 2295 petram
929 2223 1107 2293 verberavit,

131 2313 316 2368 confixerunt
339 2307 468 2375 sisarae}
602 2306 643 2366 20
666 2311 697 2362 et
718 2307 866 2364 fluxerunt
888 2308 1017 2378 flumina,

35 2399 39 2407 '
128 2403 160 2453 ut
180 2397 231 2454 hie
257 2413 363 2452 munus
386 2393 545 2452 aeternalis
663 2397 750 2466 petra
759 2392 906 2462 Christus,
915 2394 993 2452 hane
1004 2396 1136 2471 pulsarit

78 2481 109 2539 10
128 2473 184 2539 nen
207 2482 343 2538 auferret
364 2479 494 2554 gloriae.
554 2489 555 2492 ’
665 2495 755 2552 quarn
777 2484 912 2538 tenemus
934 2482 1053 2552 lancea;

39 2619 49 2625 .
130 2568 159 2625 hi
183 2571 246 2626 sint
269 2566 354 2624 nobis
378 2563 573 2638 triumphales
666 2581 734 2618 mox
756 2563 825 2620 hine
849 2565 929 2622 unda
950 2558 1135 2640 premanavit

126 2656 214 2730 quasi
239 2653 342 2710 claves
364 2652 475 2708 euriae.
561 2665 569 2672 ·
668 2655 698 2704 et
711 2651 834 2724 =cruoris
858 2654 952 2724 eopia.

310 2803 350 2864 25
373 2803 426 2860 Eia
447 2803 529 2860 lavet
550 2803 739 2876 poenitentes

372 2888 528 2946 undenos
552 2905 569 2945 5
592 2889 725 2955 erimine;

373 2975 500 3042 Christe,
524 2979 596 3048 pota
619 2975 754 3030 sitientes

278 3081 281 3090 Δ
372 3066 424 3116 tuo
447 3064 563 3116 mentes
587 3061 744 3133 sanguine;

348 3135 473 3214 steeum
495 3161 614 3218 semper
635 3150 669 3201 ut
691 3145 858 3220 gaudentes

313 3231 353 3291 30
375 3233 509 3289 vivamus
532 3232 562 3287 in
585 3231 717 3287 aethere.

274 3523 283 3533 ·
391 3513 446 3580 Ile
467 3515 598 3587 noctes,
621 3494 667 3578 ile
690 3511 818 3612 autea

529 3629 681 3684 Paschalis.

125 3781 171 3840 Ite
195 3786 314 3848 noctes,
338 3781 378 3837 ite
401 3777 506 3845 nubes,
668 3777 818 3835 Plaudant
847 3778 956 3845 silvae,
993 3773 1138 3852 plaudant
1210 3773 1216 3788 ’

125 3867 171 3940 Ite
194 3869 315 3923 moesta
338 3865 445 3932 sidera,
560 3855 566 3863 '
910 3867 1005 3937 prata,

126 3952 243 4028 plaude
260 3953 385 4020 eoelum,
399 3949 510 4026 plaude
523 3954 605 4006 terra
669 3951 750 4008 laeta
772 3948 917 4024 plaudant
937 3959 1075 4017 nemora‚'

126 4039 197 4096 loca
219 4037 374 4112 plaudant.
388 4038 491 4104 infera,
547 4051 552 4056 ·
670 4041 700 4094 et
715 4051 913 4111 quaeeunque
928 4038 1041 4110 eampis
1057 4042 1137 4104 nata,
1238 4053 1241 4060 ‘

13 4151 18 4160 ·
50 4127 54 4132 “
85 4123 258 4200 aplaudat
294 4123 414 4190 aether,
459 4122 584 4196 plaudat
609 4124 646 4182 10
668 4124 749 4196 laeta
771 4121 917 4196 plaudant
937 4122 1066 4189 flumina,

374 4207 463 4276 unda,
668 4206 815 4283 plaudant
847 4209 957 4275 valles,
993 4206 1139 4282 plaudent

127 4295 221 4354 turba
240 4292 368 4370 plaudat
390 4311 541 4370 squamea.
907 4297 1033 4360 montes,
1081 4359 1084 4368 .

670 4378 778 4448 sontes,
802 4379 901 4446 flores,
926 4379 1067 4459 germina.
