<?xml version="1.0" encoding="UTF-8"?>
<!DOCTYPE html PUBLIC "-//W3C//DTD XHTML 1.0 Transitional//EN"
    "http://www.w3.org/TR/xhtml1/DTD/xhtml1-transitional.dtd">
<html xmlns="http://www.w3.org/1999/xhtml" xml:lang="en" lang="en">
 <head>
  <title>
</title>
<meta http-equiv="Content-Type" content="text/html;charset=utf-8" />
  <meta name='ocr-system' content='tesseract 3.04.00' />
  <meta name='ocr-capabilities' content='ocr_page ocr_carea ocr_par ocr_line ocrx_word'/>
</head>
<body>
  <div class='ocr_page' id='page_1' title='image "./thesaurushymnol04danigoog/thesaurushymnol04danigoog_0367.png"; bbox 0 0 2904 5028; ppageno 0'>
   <div class='ocr_carea' id='block_1_1' title="bbox 164 619 970 704">
    <p class='ocr_par' dir='ltr' id='par_1_1' title="bbox 164 619 970 704">
     <span class='ocr_line' id='line_1_1' title="bbox 164 619 970 704; baseline -0.004 -17"><span class='ocrx_word' id='word_1_1' title='bbox 164 633 197 686; x_wconf 48' lang='lat' dir='ltr'>&#39;f</span> <span class='ocrx_word' id='word_1_2' title='bbox 305 661 307 664; x_wconf 77' lang='lat'>.</span> <span class='ocrx_word' id='word_1_3' title='bbox 412 619 539 686; x_wconf 81' lang='lat' dir='ltr'>Anima</span> <span class='ocrx_word' id='word_1_4' title='bbox 562 619 708 704; x_wconf 73' lang='lat' dir='ltr'>etryiate</span> <span class='ocrx_word' id='word_1_5' title='bbox 730 619 885 686; x_wconf 80' lang='lat' dir='ltr'>illumina</span> <span class='ocrx_word' id='word_1_6' title='bbox 906 637 970 687; x_wconf 86' lang='lat' dir='ltr'>me.</span> 
     </span>
    </p>
   </div>
   <div class='ocr_carea' id='block_1_2' title="bbox 153 700 1229 843">
    <p class='ocr_par' dir='ltr' id='par_1_2' title="bbox 153 700 1229 843">
     <span class='ocr_line' id='line_1_2' title="bbox 153 700 1229 792; baseline 0.001 -18"><span class='ocrx_word' id='word_1_7' title='bbox 153 721 287 776; x_wconf 81' lang='lat' dir='ltr'>Carmen:</span> <span class='ocrx_word' id='word_1_8' title='bbox 307 721 407 774; x_wconf 85' lang='lat' dir='ltr'>Anima</span> <span class='ocrx_word' id='word_1_9' title='bbox 425 719 530 773; x_wconf 80' lang='lat' dir='ltr'><strong>Christi</strong></span> <span class='ocrx_word' id='word_1_10' title='bbox 549 715 692 772; x_wconf 78' lang='lat' dir='ltr'>sanctifica</span> <span class='ocrx_word' id='word_1_11' title='bbox 713 735 757 772; x_wconf 89' lang='lat' dir='ltr'>me</span> <span class='ocrx_word' id='word_1_12' title='bbox 780 724 916 774; x_wconf 88' lang='lat' dir='ltr'>mutatum</span> <span class='ocrx_word' id='word_1_13' title='bbox 939 723 968 774; x_wconf 88' lang='lat' dir='ltr'>et</span> <span class='ocrx_word' id='word_1_14' title='bbox 988 700 1094 775; x_wconf 79' lang='lat' dir='ltr'>Beatae</span> <span class='ocrx_word' id='word_1_15' title='bbox 1113 706 1229 792; x_wconf 85' lang='lat' dir='ltr'>Virgini</span> 
     </span>
     <span class='ocr_line' id='line_1_3' title="bbox 563 789 1060 843; baseline -0.01 -1"><span class='ocrx_word' id='word_1_16' title='bbox 563 789 810 843; x_wconf 85' lang='lat' dir='ltr'>accommodatum.</span> <span class='ocrx_word' id='word_1_17' title='bbox 1058 800 1060 810; x_wconf 76' lang='lat'><strong><em>¹</em></strong></span> 
     </span>
    </p>
   </div>
   <div class='ocr_carea' id='block_1_3' title="bbox 234 901 1017 1812">
    <p class='ocr_par' dir='ltr' id='par_1_3' title="bbox 234 901 1017 1812">
     <span class='ocr_line' id='line_1_4' title="bbox 358 901 848 976; baseline -0.002 -17"><span class='ocrx_word' id='word_1_18' title='bbox 358 903 465 959; x_wconf 83' lang='lat' dir='ltr'>Anima</span> <span class='ocrx_word' id='word_1_19' title='bbox 486 902 616 976; x_wconf 86' lang='lat' dir='ltr'>Virginis</span> <span class='ocrx_word' id='word_1_20' title='bbox 638 901 770 958; x_wconf 89' lang='lat' dir='ltr'>illumina</span> <span class='ocrx_word' id='word_1_21' title='bbox 792 918 848 970; x_wconf 87' lang='lat' dir='ltr'>me,</span> 
     </span>
     <span class='ocr_line' id='line_1_5' title="bbox 359 985 839 1062; baseline 0 -18"><span class='ocrx_word' id='word_1_22' title='bbox 359 1005 468 1062; x_wconf 88' lang='lat' dir='ltr'>eorpus</span> <span class='ocrx_word' id='word_1_23' title='bbox 490 987 620 1061; x_wconf 81' lang='lat' dir='ltr'>Virginis</span> <span class='ocrx_word' id='word_1_24' title='bbox 643 985 761 1043; x_wconf 84' lang='lat' dir='ltr'>custodi</span> <span class='ocrx_word' id='word_1_25' title='bbox 783 1005 839 1056; x_wconf 89' lang='lat' dir='ltr'>me,</span> 
     </span>
     <span class='ocr_line' id='line_1_6' title="bbox 282 1071 750 1145; baseline -0.002 -16"><span class='ocrx_word' id='word_1_26' title='bbox 282 1086 289 1102; x_wconf 59' lang='lat'>⁸</span> <span class='ocrx_word' id='word_1_27' title='bbox 335 1074 405 1138; x_wconf 51' lang='lat' dir='ltr'>‚lac</span> <span class='ocrx_word' id='word_1_28' title='bbox 428 1073 556 1145; x_wconf 85' lang='lat' dir='ltr'>Virginis</span> <span class='ocrx_word' id='word_1_29' title='bbox 579 1071 672 1145; x_wconf 81' lang='lat' dir='ltr'>pasce</span> <span class='ocrx_word' id='word_1_30' title='bbox 693 1089 750 1140; x_wconf 85' lang='lat' dir='ltr'>me,</span> 
     </span>
     <span class='ocr_line' id='line_1_7' title="bbox 293 1157 896 1230; baseline 0 -16"><span class='ocrx_word' id='word_1_31' title='bbox 293 1191 302 1208; x_wconf 48' lang='lat' dir='ltr'>x</span> <span class='ocrx_word' id='word_1_32' title='bbox 358 1159 502 1214; x_wconf 74' lang='lat' dir='ltr'>transitus</span> <span class='ocrx_word' id='word_1_33' title='bbox 524 1157 653 1230; x_wconf 80' lang='lat' dir='ltr'>Virginis</span> <span class='ocrx_word' id='word_1_34' title='bbox 677 1158 817 1214; x_wconf 87' lang='lat' dir='ltr'>confirma</span> <span class='ocrx_word' id='word_1_35' title='bbox 839 1175 896 1226; x_wconf 87' lang='lat' dir='ltr'>me,</span> 
     </span>
     <span class='ocr_line' id='line_1_8' title="bbox 234 1243 849 1316; baseline -0.007 -14"><span class='ocrx_word' id='word_1_36' title='bbox 234 1267 239 1284; x_wconf 76' lang='lat'><strong><em>¹</em></strong></span> <span class='ocrx_word' id='word_1_37' title='bbox 319 1243 338 1302; x_wconf 86' lang='lat'>5</span> <span class='ocrx_word' id='word_1_38' title='bbox 361 1243 414 1300; x_wconf 92' lang='lat' dir='ltr'>tibi</span> <span class='ocrx_word' id='word_1_39' title='bbox 435 1245 465 1300; x_wconf 92' lang='lat' dir='ltr'>in</span> <span class='ocrx_word' id='word_1_40' title='bbox 487 1243 629 1299; x_wconf 80' lang='lat' dir='ltr'>famulum</span> <span class='ocrx_word' id='word_1_41' title='bbox 652 1244 771 1316; x_wconf 79' lang='lat' dir='ltr'>suscipe</span> <span class='ocrx_word' id='word_1_42' title='bbox 793 1261 849 1311; x_wconf 90' lang='lat' dir='ltr'>me,</span> 
     </span>
     <span class='ocr_line' id='line_1_9' title="bbox 360 1328 903 1402; baseline 0 -18"><span class='ocrx_word' id='word_1_43' title='bbox 360 1330 406 1385; x_wconf 85' lang='lat' dir='ltr'>lac</span> <span class='ocrx_word' id='word_1_44' title='bbox 429 1345 476 1385; x_wconf 89' lang='lat' dir='ltr'>me</span> <span class='ocrx_word' id='word_1_45' title='bbox 500 1345 619 1402; x_wconf 85' lang='lat' dir='ltr'>semper</span> <span class='ocrx_word' id='word_1_46' title='bbox 641 1328 789 1384; x_wconf 86' lang='lat' dir='ltr'>confidere</span> <span class='ocrx_word' id='word_1_47' title='bbox 811 1330 840 1384; x_wconf 90' lang='lat' dir='ltr'>in</span> <span class='ocrx_word' id='word_1_48' title='bbox 863 1333 903 1396; x_wconf 84' lang='lat' dir='ltr'>te,</span> 
     </span>
     <span class='ocr_line' id='line_1_10' title="bbox 360 1412 873 1488; baseline -0.004 -18"><span class='ocrx_word' id='word_1_49' title='bbox 360 1414 485 1470; x_wconf 86' lang='lat' dir='ltr'>amalis</span> <span class='ocrx_word' id='word_1_50' title='bbox 509 1412 643 1470; x_wconf 89' lang='lat' dir='ltr'>omnibus</span> <span class='ocrx_word' id='word_1_51' title='bbox 665 1419 793 1488; x_wconf 87' lang='lat' dir='ltr'>protege</span> <span class='ocrx_word' id='word_1_52' title='bbox 815 1430 873 1481; x_wconf 90' lang='lat' dir='ltr'>me,</span> 
     </span>
     <span class='ocr_line' id='line_1_11' title="bbox 335 1499 925 1568; baseline -0.002 -12"><span class='ocrx_word' id='word_1_53' title='bbox 335 1503 389 1556; x_wconf 60' lang='lat' dir='ltr'>tin</span> <span class='ocrx_word' id='word_1_54' title='bbox 411 1500 486 1556; x_wconf 88' lang='lat' dir='ltr'>hora</span> <span class='ocrx_word' id='word_1_55' title='bbox 507 1501 610 1556; x_wconf 86' lang='lat' dir='ltr'>mortis</span> <span class='ocrx_word' id='word_1_56' title='bbox 633 1516 716 1555; x_wconf 85' lang='lat' dir='ltr'>meae</span> <span class='ocrx_word' id='word_1_57' title='bbox 731 1499 847 1556; x_wconf 74' lang='lat' dir='ltr'>‚adiuva</span> <span class='ocrx_word' id='word_1_58' title='bbox 869 1515 925 1568; x_wconf 88' lang='lat' dir='ltr'>me,</span> 
     </span>
     <span class='ocr_line' id='line_1_12' title="bbox 363 1583 1007 1658; baseline -0.009 -16"><span class='ocrx_word' id='word_1_59' title='bbox 363 1590 393 1642; x_wconf 85' lang='lat' dir='ltr'>et</span> <span class='ocrx_word' id='word_1_60' title='bbox 413 1587 471 1642; x_wconf 85' lang='lat' dir='ltr'>iter</span> <span class='ocrx_word' id='word_1_61' title='bbox 493 1585 563 1640; x_wconf 88' lang='lat' dir='ltr'>mihi</span> <span class='ocrx_word' id='word_1_62' title='bbox 586 1588 683 1640; x_wconf 87' lang='lat' dir='ltr'>tutum</span> <span class='ocrx_word' id='word_1_63' title='bbox 704 1601 778 1658; x_wconf 86' lang='lat' dir='ltr'>para</span> <span class='ocrx_word' id='word_1_64' title='bbox 801 1583 839 1640; x_wconf 87' lang='lat' dir='ltr'>ad</span> <span class='ocrx_word' id='word_1_65' title='bbox 860 1589 900 1652; x_wconf 87' lang='lat' dir='ltr'>te,</span> <span class='ocrx_word' id='word_1_66' title='bbox 998 1619 1007 1636; x_wconf 23' lang='lat' dir='ltr'>v„</span> 
     </span>
     <span class='ocr_line' id='line_1_13' title="bbox 303 1661 1017 1744; baseline 0 -18"><span class='ocrx_word' id='word_1_67' title='bbox 303 1669 340 1727; x_wconf 89' lang='lat'>10</span> <span class='ocrx_word' id='word_1_68' title='bbox 362 1675 396 1726; x_wconf 91' lang='lat' dir='ltr'>nt</span> <span class='ocrx_word' id='word_1_69' title='bbox 419 1687 491 1726; x_wconf 86' lang='lat' dir='ltr'>oum</span> <span class='ocrx_word' id='word_1_70' title='bbox 509 1671 612 1729; x_wconf 87' lang='lat' dir='ltr'>electis</span> <span class='ocrx_word' id='word_1_71' title='bbox 636 1669 769 1726; x_wconf 84' lang='lat' dir='ltr'>omnibus</span> <span class='ocrx_word' id='word_1_72' title='bbox 793 1661 956 1744; x_wconf 82' lang='lat' dir='ltr'>glorifice&#39;m</span> <span class='ocrx_word' id='word_1_73' title='bbox 978 1674 1017 1738; x_wconf 89' lang='lat' dir='ltr'>te,</span> 
     </span>
     <span class='ocr_line' id='line_1_14' title="bbox 286 1739 881 1812; baseline 0 -2"><span class='ocrx_word' id='word_1_74' title='bbox 286 1739 291 1757; x_wconf 63' lang='grc'><em>“</em></span> <span class='ocrx_word' id='word_1_75' title='bbox 488 1757 518 1811; x_wconf 92' lang='lat' dir='ltr'>in</span> <span class='ocrx_word' id='word_1_76' title='bbox 541 1755 662 1812; x_wconf 80' lang='lat' dir='ltr'>saecula</span> <span class='ocrx_word' id='word_1_77' title='bbox 685 1755 881 1812; x_wconf 70' lang='lat' dir='ltr'>saeculorum·</span> 
     </span>
    </p>
   </div>
   <div class='ocr_carea' id='block_1_4' title="bbox 58 1865 1231 2291">
    <p class='ocr_par' dir='ltr' id='par_1_4' title="bbox 159 1865 1230 2123">
     <span class='ocr_line' id='line_1_15' title="bbox 242 1865 1229 1950; baseline 0.002 -20"><span class='ocrx_word' id='word_1_78' title='bbox 242 1875 348 1931; x_wconf 83' lang='lat' dir='ltr'>Franta</span> <span class='ocrx_word' id='word_1_79' title='bbox 370 1865 437 1932; x_wconf 73' lang='grc' dir='ltr'><strong>1.ὀ.</strong></span> <span class='ocrx_word' id='word_1_80' title='bbox 461 1894 490 1948; x_wconf 86' lang='lat' dir='ltr'>p.</span> <span class='ocrx_word' id='word_1_81' title='bbox 514 1875 582 1934; x_wconf 74' lang='lat'><strong>142.</strong></span> <span class='ocrx_word' id='word_1_82' title='bbox 608 1875 750 1950; x_wconf 78' lang='lat' dir='ltr'>singulari</span> <span class='ocrx_word' id='word_1_83' title='bbox 773 1891 808 1930; x_wconf 84' lang='lat' dir='ltr'>ae</span> <span class='ocrx_word' id='word_1_84' title='bbox 830 1877 913 1948; x_wconf 74' lang='lat' dir='ltr'>miro¹</span> <span class='ocrx_word' id='word_1_85' title='bbox 927 1891 1026 1932; x_wconf 85' lang='lat' dir='ltr'>errore</span> <span class='ocrx_word' id='word_1_86' title='bbox 1050 1873 1229 1936; x_wconf 83' lang='lat' dir='ltr'>obcaecatus</span> 
     </span>
     <span class='ocr_line' id='line_1_16' title="bbox 160 1960 1230 2040; baseline 0.001 -23"><span class='ocrx_word' id='word_1_87' title='bbox 160 1977 280 2018; x_wconf 81' lang='lat' dir='ltr'>carmen</span> <span class='ocrx_word' id='word_1_88' title='bbox 302 1960 339 2016; x_wconf 88' lang='lat' dir='ltr'>ab</span> <span class='ocrx_word' id='word_1_89' title='bbox 363 1961 391 2017; x_wconf 82' lang='lat' dir='ltr'>S.</span> <span class='ocrx_word' id='word_1_90' title='bbox 414 1960 583 2035; x_wconf 79' lang='lat' dir='ltr'>Augustino</span> <span class='ocrx_word' id='word_1_91' title='bbox 607 1962 804 2034; x_wconf 77' lang='lat' dir='ltr'>compositum</span> <span class='ocrx_word' id='word_1_92' title='bbox 820 1977 895 2040; x_wconf 69' lang='lat' dir='ltr'>¹esse</span> <span class='ocrx_word' id='word_1_93' title='bbox 925 1962 1075 2034; x_wconf 82' lang='lat' dir='ltr'>opinatur:</span> <span class='ocrx_word' id='word_1_94' title='bbox 1106 1963 1151 2018; x_wconf 86' lang='lat' dir='ltr'>Da</span> <span class='ocrx_word' id='word_1_95' title='bbox 1172 1963 1230 2018; x_wconf 82' lang='lat' dir='ltr'>Au-</span> 
     </span>
     <span class='ocr_line' id='line_1_17' title="bbox 159 2045 1230 2123; baseline -0.001 -20"><span class='ocrx_word' id='word_1_96' title='bbox 159 2049 294 2122; x_wconf 69' lang='lat' dir='ltr'>gustinus</span> <span class='ocrx_word' id='word_1_97' title='bbox 316 2047 407 2103; x_wconf 77' lang='lat' dir='ltr'>durch</span> <span class='ocrx_word' id='word_1_98' title='bbox 428 2047 578 2104; x_wconf 74' lang='lat' dir='ltr'>Dialelutt&#39;lae</span> <span class='ocrx_word' id='word_1_99' title='bbox 606 2045 667 2102; x_wconf 74' lang='lat' dir='ltr'>und</span> <span class='ocrx_word' id='word_1_100' title='bbox 693 2047 852 2112; x_wconf 74' lang='lat' dir='ltr'>Phaetonte</span> <span class='ocrx_word' id='word_1_101' title='bbox 882 2046 929 2101; x_wconf 82' lang='lat' dir='ltr'>die</span> <span class='ocrx_word' id='word_1_102' title='bbox 957 2046 1063 2123; x_wconf 65' lang='lat' dir='ltr'>keiliqe</span> <span class='ocrx_word' id='word_1_103' title='bbox 1084 2047 1230 2120; x_wconf 74' lang='lat' dir='ltr'>Juanruu</span> 
     </span>
    </p>

    <p class='ocr_par' dir='ltr' id='par_1_5' title="bbox 58 2131 1231 2291">
     <span class='ocr_line' id='line_1_18' title="bbox 110 2131 1231 2206; baseline 0.001 -19"><span class='ocrx_word' id='word_1_104' title='bbox 110 2160 117 2170; x_wconf 76' lang='lat'><em>-</em></span> <span class='ocrx_word' id='word_1_105' title='bbox 159 2132 355 2188; x_wconf 73' lang='lat' dir='ltr'>mit&#39;solcaem</span> <span class='ocrx_word' id='word_1_106' title='bbox 377 2132 494 2188; x_wconf 81' lang='lat' dir='ltr'>Nimbus</span> <span class='ocrx_word' id='word_1_107' title='bbox 516 2133 653 2204; x_wconf 74' lang='lat' dir='ltr'>umqeben</span> <span class='ocrx_word' id='word_1_108' title='bbox 675 2132 769 2197; x_wconf 79' lang='lat' dir='ltr'>katte,</span> <span class='ocrx_word' id='word_1_109' title='bbox 792 2149 824 2186; x_wconf 85' lang='lat' dir='ltr'>so</span> <span class='ocrx_word' id='word_1_110' title='bbox 846 2131 1043 2206; x_wconf 74' lang='lat' dir='ltr'>apostrophirt</span> <span class='ocrx_word' id='word_1_111' title='bbox 1065 2150 1097 2188; x_wconf 86' lang='lat' dir='ltr'>er</span> <span class='ocrx_word' id='word_1_112' title='bbox 1118 2134 1162 2188; x_wconf 80' lang='lat' dir='ltr'>sie</span> <span class='ocrx_word' id='word_1_113' title='bbox 1184 2134 1231 2188; x_wconf 79' lang='lat' dir='ltr'>be·</span> 
     </span>
     <span class='ocr_line' id='line_1_19' title="bbox 58 2215 941 2291; baseline 0.002 -21"><span class='ocrx_word' id='word_1_114' title='bbox 58 2266 62 2270; x_wconf 92' lang='grc'><em>,</em></span> <span class='ocrx_word' id='word_1_115' title='bbox 162 2217 231 2274; x_wconf 79' lang='lat' dir='ltr'>tend</span> <span class='ocrx_word' id='word_1_116' title='bbox 251 2217 312 2273; x_wconf 82' lang='lat' dir='ltr'>aad</span> <span class='ocrx_word' id='word_1_117' title='bbox 331 2219 393 2291; x_wconf 74' lang='lat' dir='ltr'>teqt</span> <span class='ocrx_word' id='word_1_118' title='bbox 414 2217 461 2274; x_wconf 75' lang='lat' dir='ltr'>ilar</span> <span class='ocrx_word' id='word_1_119' title='bbox 483 2219 547 2273; x_wconf 81' lang='lat' dir='ltr'>eine</span> <span class='ocrx_word' id='word_1_120' title='bbox 569 2215 739 2274; x_wconf 76' lang='lat' dir='ltr'>unendliclae</span> <span class='ocrx_word' id='word_1_121' title='bbox 761 2215 868 2272; x_wconf 79' lang='lat' dir='ltr'>Hoheit</span> <span class='ocrx_word' id='word_1_122' title='bbox 889 2217 941 2272; x_wconf 80' lang='lat' dir='ltr'>bei.</span> 
     </span>
    </p>
   </div>
   <div class='ocr_carea' id='block_1_5' title="bbox 474 2476 921 2648">
    <p class='ocr_par' dir='ltr' id='par_1_6' title="bbox 474 2476 921 2648">
     <span class='ocr_line' id='line_1_20' title="bbox 555 2476 921 2546; baseline 0.008 -2"><span class='ocrx_word' id='word_1_123' title='bbox 555 2476 840 2546; x_wconf 77' lang='lat' dir='ltr'>Ouanotissimu.</span> <span class='ocrx_word' id='word_1_124' title='bbox 911 2485 921 2502; x_wconf 65' lang='lat'>⁸</span> 
     </span>
     <span class='ocr_line' id='line_1_21' title="bbox 474 2577 894 2648; baseline -0.01 -12"><span class='ocrx_word' id='word_1_125' title='bbox 474 2627 478 2636; x_wconf 90' lang='lat'>.</span> <span class='ocrx_word' id='word_1_126' title='bbox 548 2577 592 2632; x_wconf 86' lang='lat' dir='ltr'>De</span> <span class='ocrx_word' id='word_1_127' title='bbox 610 2579 700 2633; x_wconf 82' lang='lat' dir='ltr'>Beata</span> <span class='ocrx_word' id='word_1_128' title='bbox 718 2581 844 2648; x_wconf 86' lang='lat' dir='ltr'>Virgine.</span> <span class='ocrx_word' id='word_1_129' title='bbox 889 2595 894 2602; x_wconf 65' lang='lat'>¹</span> 
     </span>
    </p>
   </div>
   <div class='ocr_carea' id='block_1_6' title="bbox 186 2691 1282 3737">
    <p class='ocr_par' dir='ltr' id='par_1_7' title="bbox 186 2691 1282 3737">
     <span class='ocr_line' id='line_1_22' title="bbox 197 2691 1030 2772; baseline 0 -24"><span class='ocrx_word' id='word_1_130' title='bbox 197 2728 202 2733; x_wconf 79' lang='lat'><em>,</em></span> <span class='ocrx_word' id='word_1_131' title='bbox 227 2692 252 2748; x_wconf 89' lang='grc' dir='ltr'><strong>Ο</strong></span> <span class='ocrx_word' id='word_1_132' title='bbox 277 2692 472 2759; x_wconf 83' lang='lat' dir='ltr'>sanctissima,</span> <span class='ocrx_word' id='word_1_133' title='bbox 762 2691 842 2760; x_wconf 83' lang='lat' dir='ltr'>[Pias</span> <span class='ocrx_word' id='word_1_134' title='bbox 866 2693 1030 2772; x_wconf 79' lang='lat' dir='ltr'>lacrymas,</span> 
     </span>
     <span class='ocr_line' id='line_1_23' title="bbox 227 2778 982 2852; baseline -0.003 -18"><span class='ocrx_word' id='word_1_135' title='bbox 227 2795 244 2834; x_wconf 95' lang='lat' dir='ltr'>o</span> <span class='ocrx_word' id='word_1_136' title='bbox 267 2778 410 2850; x_wconf 80' lang='lat' dir='ltr'>piissima,</span> <span class='ocrx_word' id='word_1_137' title='bbox 762 2780 829 2852; x_wconf 88' lang='lat' dir='ltr'>pios</span> <span class='ocrx_word' id='word_1_138' title='bbox 853 2779 982 2852; x_wconf 85' lang='lat' dir='ltr'>gemitus</span> 
     </span>
     <span class='ocr_line' id='line_1_24' title="bbox 228 2861 1282 2936; baseline -0.002 -18"><span class='ocrx_word' id='word_1_139' title='bbox 228 2861 323 2918; x_wconf 83' lang='lat' dir='ltr'>duleis</span> <span class='ocrx_word' id='word_1_140' title='bbox 345 2863 430 2936; x_wconf 79' lang='lat' dir='ltr'>virgo</span> <span class='ocrx_word' id='word_1_141' title='bbox 453 2861 558 2930; x_wconf 87' lang='lat' dir='ltr'>Maria,</span> <span class='ocrx_word' id='word_1_142' title='bbox 765 2862 843 2931; x_wconf 89' lang='lat' dir='ltr'>audi,</span> <span class='ocrx_word' id='word_1_143' title='bbox 865 2861 953 2929; x_wconf 87' lang='lat' dir='ltr'>bona,</span> <span class='ocrx_word' id='word_1_144' title='bbox 976 2869 1141 2935; x_wconf 84' lang='lat' dir='ltr'>precamur.</span> <span class='ocrx_word' id='word_1_145' title='bbox 1232 2912 1282 2924; x_wconf 74' lang='grc'>,-</span> 
     </span>
     <span class='ocr_line' id='line_1_25' title="bbox 228 2947 1121 3021; baseline -0.002 -17"><span class='ocrx_word' id='word_1_146' title='bbox 228 2952 323 3004; x_wconf 86' lang='lat' dir='ltr'>mater</span> <span class='ocrx_word' id='word_1_147' title='bbox 345 2951 453 3014; x_wconf 80' lang='lat' dir='ltr'>amata,</span> <span class='ocrx_word' id='word_1_148' title='bbox 703 2947 740 3005; x_wconf 84' lang='lat'>10</span> <span class='ocrx_word' id='word_1_149' title='bbox 763 2947 909 3021; x_wconf 86' lang='lat' dir='ltr'>ingruunt</span> <span class='ocrx_word' id='word_1_150' title='bbox 930 2947 1045 3013; x_wconf 88' lang='lat' dir='ltr'>hostes,</span> <span class='ocrx_word' id='word_1_151' title='bbox 1120 2975 1121 2978; x_wconf 34' lang='lat'>¹</span> 
     </span>
     <span class='ocr_line' id='line_1_26' title="bbox 186 3025 1237 3106; baseline -0.004 -14"><span class='ocrx_word' id='word_1_152' title='bbox 186 3033 413 3100; x_wconf 86' lang='lat' dir='ltr'>5intemerata,</span> <span class='ocrx_word' id='word_1_153' title='bbox 716 3025 719 3031; x_wconf 76' lang='grc'><strong>’</strong></span> <span class='ocrx_word' id='word_1_154' title='bbox 761 3033 865 3100; x_wconf 67' lang='lat' dir='ltr'>suffice</span> <span class='ocrx_word' id='word_1_155' title='bbox 887 3033 977 3100; x_wconf 89' lang='lat' dir='ltr'>vires,</span> <span class='ocrx_word' id='word_1_156' title='bbox 1228 3096 1237 3106; x_wconf 24' lang='grc' dir='ltr'><em>θ</em></span> 
     </span>
     <span class='ocr_line' id='line_1_27' title="bbox 228 3115 1192 3192; baseline -0.002 -16"><span class='ocrx_word' id='word_1_157' title='bbox 228 3135 289 3186; x_wconf 83' lang='lat' dir='ltr'>ora,</span> <span class='ocrx_word' id='word_1_158' title='bbox 314 3135 365 3174; x_wconf 88' lang='lat' dir='ltr'>ora</span> <span class='ocrx_word' id='word_1_159' title='bbox 386 3135 441 3192; x_wconf 92' lang='lat' dir='ltr'>pro</span> <span class='ocrx_word' id='word_1_160' title='bbox 464 3115 558 3177; x_wconf 91' lang='lat' dir='ltr'>nobis.</span> <span class='ocrx_word' id='word_1_161' title='bbox 764 3134 825 3186; x_wconf 90' lang='lat' dir='ltr'>ora,</span> <span class='ocrx_word' id='word_1_162' title='bbox 850 3134 902 3174; x_wconf 87' lang='lat' dir='ltr'>ora</span> <span class='ocrx_word' id='word_1_163' title='bbox 924 3135 978 3192; x_wconf 87' lang='lat' dir='ltr'>pro</span> <span class='ocrx_word' id='word_1_164' title='bbox 1002 3115 1109 3176; x_wconf 70' lang='lat' dir='ltr'>nobis·</span> <span class='ocrx_word' id='word_1_165' title='bbox 1186 3137 1192 3143; x_wconf 88' lang='grc'><strong><em>·</em></strong></span> 
     </span>
     <span class='ocr_line' id='line_1_28' title="bbox 398 3237 714 3304; baseline 0 -12"><span class='ocrx_word' id='word_1_166' title='bbox 398 3269 407 3282; x_wconf 73' lang='lat'><strong>·</strong></span> <span class='ocrx_word' id='word_1_167' title='bbox 490 3237 556 3292; x_wconf 80' lang='lat' dir='ltr'>&#39;In</span> <span class='ocrx_word' id='word_1_168' title='bbox 578 3237 714 3304; x_wconf 85' lang='lat' dir='ltr'>miseriis,</span> 
     </span>
     <span class='ocr_line' id='line_1_29' title="bbox 521 3323 894 3396; baseline 0.005 -20"><span class='ocrx_word' id='word_1_169' title='bbox 521 3323 550 3376; x_wconf 90' lang='lat' dir='ltr'>in</span> <span class='ocrx_word' id='word_1_170' title='bbox 574 3323 721 3396; x_wconf 87' lang='lat' dir='ltr'>angustiis</span> <span class='ocrx_word' id='word_1_171' title='bbox 890 3388 894 3392; x_wconf 78' lang='lat'>.</span> 
     </span>
     <span class='ocr_line' id='line_1_30' title="bbox 460 3405 898 3481; baseline -0.002 -18"><span class='ocrx_word' id='word_1_172' title='bbox 460 3405 496 3463; x_wconf 84' lang='lat'>15</span> <span class='ocrx_word' id='word_1_173' title='bbox 521 3423 582 3474; x_wconf 89' lang='lat' dir='ltr'>ora,</span> <span class='ocrx_word' id='word_1_174' title='bbox 606 3409 699 3481; x_wconf 83' lang='lat' dir='ltr'>virgo,</span> <span class='ocrx_word' id='word_1_175' title='bbox 722 3424 777 3480; x_wconf 86' lang='lat' dir='ltr'>pro</span> <span class='ocrx_word' id='word_1_176' title='bbox 801 3406 898 3476; x_wconf 90' lang='lat' dir='ltr'>nobis;</span> 
     </span>
     <span class='ocr_line' id='line_1_31' title="bbox 425 3491 759 3564; baseline 0.006 -19"><span class='ocrx_word' id='word_1_177' title='bbox 425 3503 431 3519; x_wconf 59' lang='lat'>⁸</span> <span class='ocrx_word' id='word_1_178' title='bbox 520 3508 574 3564; x_wconf 91' lang='lat' dir='ltr'>pro</span> <span class='ocrx_word' id='word_1_179' title='bbox 597 3491 682 3548; x_wconf 90' lang='lat' dir='ltr'>nobis</span> <span class='ocrx_word' id='word_1_180' title='bbox 707 3508 759 3561; x_wconf 89' lang='lat' dir='ltr'>ora</span> 
     </span>
     <span class='ocr_line' id='line_1_32' title="bbox 521 3575 781 3643; baseline 0.004 -12"><span class='ocrx_word' id='word_1_181' title='bbox 521 3577 551 3631; x_wconf 92' lang='lat' dir='ltr'>in</span> <span class='ocrx_word' id='word_1_182' title='bbox 573 3579 676 3632; x_wconf 84' lang='lat' dir='ltr'>mortis</span> <span class='ocrx_word' id='word_1_183' title='bbox 698 3575 781 3643; x_wconf 84' lang='lat' dir='ltr'>hora,</span> 
     </span>
     <span class='ocr_line' id='line_1_33' title="bbox 499 3657 954 3737; baseline 0.002 -22"><span class='ocrx_word' id='word_1_184' title='bbox 499 3671 584 3728; x_wconf 62' lang='lat' dir='ltr'>‘ora5</span> <span class='ocrx_word' id='word_1_185' title='bbox 607 3678 659 3717; x_wconf 89' lang='lat' dir='ltr'>ora</span> <span class='ocrx_word' id='word_1_186' title='bbox 680 3679 734 3734; x_wconf 89' lang='lat' dir='ltr'>pro</span> <span class='ocrx_word' id='word_1_187' title='bbox 758 3657 863 3728; x_wconf 79' lang='lat' dir='ltr'>nobis]</span> <span class='ocrx_word' id='word_1_188' title='bbox 920 3669 954 3737; x_wconf 41' lang='lat' dir='ltr'><em>s</em></span> 
     </span>
    </p>
   </div>
   <div class='ocr_carea' id='block_1_7' title="bbox 90 3762 1340 4450">
    <p class='ocr_par' dir='ltr' id='par_1_8' title="bbox 90 3762 1340 4450">
     <span class='ocr_line' id='line_1_34' title="bbox 252 3762 1238 3854; baseline 0 -18"><span class='ocrx_word' id='word_1_189' title='bbox 252 3779 339 3850; x_wconf 82' lang='lat' dir='ltr'>Quod</span> <span class='ocrx_word' id='word_1_190' title='bbox 373 3781 465 3837; x_wconf 87' lang='lat' dir='ltr'>sciam</span> <span class='ocrx_word' id='word_1_191' title='bbox 493 3783 544 3854; x_wconf 91' lang='lat' dir='ltr'>pia</span> <span class='ocrx_word' id='word_1_192' title='bbox 573 3797 622 3844; x_wconf 57' lang='lat' dir='ltr'>ae&gt;</span> <span class='ocrx_word' id='word_1_193' title='bbox 637 3779 732 3836; x_wconf 85' lang='lat' dir='ltr'>duleis</span> <span class='ocrx_word' id='word_1_194' title='bbox 763 3762 911 3836; x_wconf 81' lang='lat' dir='ltr'>cantilena</span> <span class='ocrx_word' id='word_1_195' title='bbox 939 3795 1087 3837; x_wconf 82' lang='lat' dir='ltr'>unacum</span> <span class='ocrx_word' id='word_1_196' title='bbox 1110 3777 1238 3836; x_wconf 83' lang='lat' dir='ltr'>melodia</span> 
     </span>
     <span class='ocr_line' id='line_1_35' title="bbox 166 3864 1238 3942; baseline -0.002 -20"><span class='ocrx_word' id='word_1_197' title='bbox 166 3869 293 3942; x_wconf 84' lang='lat' dir='ltr'>primum</span> <span class='ocrx_word' id='word_1_198' title='bbox 315 3865 470 3932; x_wconf 84' lang='lat' dir='ltr'>Germanis</span> <span class='ocrx_word' id='word_1_199' title='bbox 493 3867 620 3921; x_wconf 89' lang='lat' dir='ltr'>innotuit</span> <span class='ocrx_word' id='word_1_200' title='bbox 648 3871 772 3939; x_wconf 85' lang='lat' dir='ltr'>recepta</span> <span class='ocrx_word' id='word_1_201' title='bbox 793 3867 822 3920; x_wconf 94' lang='lat' dir='ltr'>in</span> <span class='ocrx_word' id='word_1_202' title='bbox 853 3864 1088 3921; x_wconf 85' lang='lat' dir='ltr'>celebratissimo</span> <span class='ocrx_word' id='word_1_203' title='bbox 1111 3865 1238 3921; x_wconf 82' lang='lat' dir='ltr'>Herdoni</span> 
     </span>
     <span class='ocr_line' id='line_1_36' title="bbox 165 3950 1238 4015; baseline -0.002 -7"><span class='ocrx_word' id='word_1_204' title='bbox 165 3953 241 4008; x_wconf 91' lang='lat' dir='ltr'>libro</span> <span class='ocrx_word' id='word_1_205' title='bbox 266 3951 438 4008; x_wconf 86' lang='lat' dir='ltr'>Stimmen</span> <span class='ocrx_word' id='word_1_206' title='bbox 462 3951 523 4015; x_wconf 85' lang='lat' dir='ltr'>der</span> <span class='ocrx_word' id='word_1_207' title='bbox 538 3950 681 4008; x_wconf 72' lang='lat' dir='ltr'>thker.</span> <span class='ocrx_word' id='word_1_208' title='bbox 718 3952 769 4007; x_wconf 79' lang='lat' dir='ltr'>Ala</span> <span class='ocrx_word' id='word_1_209' title='bbox 784 3951 917 4008; x_wconf 69' lang='lat' dir='ltr'>solitarie</span> <span class='ocrx_word' id='word_1_210' title='bbox 932 3951 1026 4006; x_wconf 82' lang='lat' dir='ltr'>Probe</span> <span class='ocrx_word' id='word_1_211' title='bbox 1042 3951 1238 4006; x_wconf 76' lang='lat' dir='ltr'>ttulieuiscker</span> 
     </span>
     <span class='ocr_line' id='line_1_37' title="bbox 160 4035 1241 4108; baseline -0.006 -11"><span class='ocrx_word' id='word_1_212' title='bbox 160 4037 351 4098; x_wconf 77' lang='lat' dir='ltr'>‚Volkslteder</span> <span class='ocrx_word' id='word_1_213' title='bbox 372 4037 454 4092; x_wconf 75' lang='lat' dir='ltr'>saue</span> <span class='ocrx_word' id='word_1_214' title='bbox 476 4037 540 4092; x_wconf 75' lang='lat' dir='ltr'>hier</span> <span class='ocrx_word' id='word_1_215' title='bbox 561 4043 633 4092; x_wconf 71' lang='lat' dir='ltr'>stult</span> <span class='ocrx_word' id='word_1_216' title='bbox 655 4037 745 4092; x_wconf 80' lang='lat' dir='ltr'>vieler</span> <span class='ocrx_word' id='word_1_217' title='bbox 767 4037 819 4091; x_wconf 78' lang='lat' dir='ltr'>dus</span> <span class='ocrx_word' id='word_1_218' title='bbox 841 4036 1035 4092; x_wconf 79' lang='lat' dir='ltr'>sicilianisclre</span> <span class='ocrx_word' id='word_1_219' title='bbox 1056 4035 1241 4108; x_wconf 77' lang='lat' dir='ltr'>Schifferlied</span> 
     </span>
     <span class='ocr_line' id='line_1_38' title="bbox 90 4115 1240 4194; baseline -0.003 -16"><span class='ocrx_word' id='word_1_220' title='bbox 90 4137 96 4144; x_wconf 85' lang='grc'><em>·</em></span> <span class='ocrx_word' id='word_1_221' title='bbox 166 4124 219 4178; x_wconf 77' lang='lat' dir='ltr'>nuit</span> <span class='ocrx_word' id='word_1_222' title='bbox 239 4115 336 4178; x_wconf 66' lang='lat' dir='ltr'>seiher</span> <span class='ocrx_word' id='word_1_223' title='bbox 358 4123 510 4192; x_wconf 76' lang='lat' dir='ltr'>eiafachea</span> <span class='ocrx_word' id='word_1_224' title='bbox 532 4123 651 4193; x_wconf 70' lang='lat' dir='ltr'>renften</span> <span class='ocrx_word' id='word_1_225' title='bbox 669 4121 797 4176; x_wconf 81' lang='lat' dir='ltr'>Melodie</span> <span class='ocrx_word' id='word_1_226' title='bbox 819 4123 856 4176; x_wconf 83' lang='lat' dir='ltr'>im</span> <span class='ocrx_word' id='word_1_227' title='bbox 872 4120 1008 4194; x_wconf 64' lang='lat' dir='ltr'>Origine!</span> <span class='ocrx_word' id='word_1_228' title='bbox 1024 4121 1085 4176; x_wconf 79' lang='lat' dir='ltr'>aad</span> <span class='ocrx_word' id='word_1_229' title='bbox 1105 4123 1136 4176; x_wconf 82' lang='lat' dir='ltr'>in</span> <span class='ocrx_word' id='word_1_230' title='bbox 1159 4123 1240 4176; x_wconf 77' lang='lat' dir='ltr'>einer</span> 
     </span>
     <span class='ocr_line' id='line_1_39' title="bbox 167 4206 1240 4280; baseline -0.004 -16"><span class='ocrx_word' id='word_1_231' title='bbox 167 4208 267 4264; x_wconf 69' lang='lat' dir='ltr'>aaran</span> <span class='ocrx_word' id='word_1_232' title='bbox 290 4209 452 4280; x_wconf 73' lang='lat' dir='ltr'>sanybaren</span> <span class='ocrx_word' id='word_1_233' title='bbox 480 4207 698 4279; x_wconf 72' lang='lat' dir='ltr'>Uetersetzunq.</span> <span class='ocrx_word' id='word_1_234' title='bbox 744 4206 782 4261; x_wconf 83' lang='lat' dir='ltr'>Et</span> <span class='ocrx_word' id='word_1_235' title='bbox 813 4221 884 4261; x_wconf 85' lang='lat' dir='ltr'>sane</span> <span class='ocrx_word' id='word_1_236' title='bbox 915 4207 966 4262; x_wconf 88' lang='lat' dir='ltr'>Vir</span> <span class='ocrx_word' id='word_1_237' title='bbox 987 4206 1119 4272; x_wconf 78' lang='lat' dir='ltr'>Doctae,</span> <span class='ocrx_word' id='word_1_238' title='bbox 1150 4221 1240 4279; x_wconf 87' lang='lat' dir='ltr'>quem</span> 
     </span>
     <span class='ocr_line' id='line_1_40' title="bbox 167 4288 1239 4366; baseline 0 -20"><span class='ocrx_word' id='word_1_239' title='bbox 167 4293 245 4347; x_wconf 88' lang='lat' dir='ltr'>inter</span> <span class='ocrx_word' id='word_1_240' title='bbox 268 4290 432 4348; x_wconf 85' lang='lat' dir='ltr'>Germanus</span> <span class='ocrx_word' id='word_1_241' title='bbox 456 4293 507 4366; x_wconf 86' lang='lat' dir='ltr'>qui</span> <span class='ocrx_word' id='word_1_242' title='bbox 529 4309 628 4347; x_wconf 84' lang='lat' dir='ltr'>rerum</span> <span class='ocrx_word' id='word_1_243' title='bbox 650 4291 821 4352; x_wconf 84' lang='lat' dir='ltr'>italicarum</span> <span class='ocrx_word' id='word_1_244' title='bbox 843 4292 932 4364; x_wconf 88' lang='lat' dir='ltr'>periti</span> <span class='ocrx_word' id='word_1_245' title='bbox 956 4295 1025 4347; x_wconf 91' lang='lat' dir='ltr'>sunt</span> <span class='ocrx_word' id='word_1_246' title='bbox 1047 4290 1134 4345; x_wconf 86' lang='lat' dir='ltr'>saoile</span> <span class='ocrx_word' id='word_1_247' title='bbox 1157 4288 1239 4346; x_wconf 86' lang='lat' dir='ltr'>dieas</span> 
     </span>
     <span class='ocr_line' id='line_1_41' title="bbox 167 4365 1340 4450; baseline -0.001 -18"><span class='ocrx_word' id='word_1_248' title='bbox 167 4377 341 4450; x_wconf 83' lang='lat' dir='ltr'>prinoipem,</span> <span class='ocrx_word' id='word_1_249' title='bbox 359 4379 430 4450; x_wconf 87' lang='lat' dir='ltr'>„qui</span> <span class='ocrx_word' id='word_1_250' title='bbox 456 4391 554 4442; x_wconf 77' lang='lat' dir='ltr'>mores</span> <span class='ocrx_word' id='word_1_251' title='bbox 569 4377 729 4434; x_wconf 87' lang='lat' dir='ltr'>multorum</span> <span class='ocrx_word' id='word_1_252' title='bbox 743 4376 887 4444; x_wconf 86' lang='lat' dir='ltr'>italorum</span> <span class='ocrx_word' id='word_1_253' title='bbox 909 4375 984 4434; x_wconf 76' lang='lat' dir='ltr'>vidit</span> <span class='ocrx_word' id='word_1_254' title='bbox 1007 4379 1038 4430; x_wconf 85' lang='lat' dir='ltr'>et</span> <span class='ocrx_word' id='word_1_255' title='bbox 1059 4367 1169 4430; x_wconf 88' lang='lat' dir='ltr'>urbes“</span> <span class='ocrx_word' id='word_1_256' title='bbox 1192 4392 1240 4431; x_wconf 89' lang='lat' dir='ltr'>me</span> <span class='ocrx_word' id='word_1_257' title='bbox 1337 4365 1340 4380; x_wconf 87' lang='lat'>&#39;</span> 
     </span>
    </p>
   </div>
   <div class='ocr_carea' id='block_1_8' title="bbox 0 0 1456 5028">
    <p class='ocr_par' dir='ltr' id='par_1_9' title="bbox 0 0 1456 5028">
     <span class='ocr_line' id='line_1_42' title="bbox 0 0 1456 5028; baseline 0 0"><span class='ocrx_word' id='word_1_258' title='bbox 0 0 1456 5028; x_wconf 95' lang='lat' dir='ltr'> </span> 
     </span>
    </p>
   </div>
  </div>
 </body>
</html>
