2788 5024
199 643 338 714 suerunt:
362 639 415 698 SS.
430 641 599 707 Mauricius,
615 643 800 716 primicerius
806 661 817 708 ;
839 643 1018 717 Exuperius,
1039 651 1176 700 senator:
1201 644 1274 702 Oun-

203 727 296 794 didus,
320 725 532 802 campiductor:
560 727 664 795 Victor,
688 729 769 784 miles
784 735 953 784 ueteranus:
974 727 1131 794 Innocens5
1161 730 1273 788 Vitatis.

202 813 288 868 Liber
301 812 348 870 IV
367 830 470 870 rusus
491 815 532 868 ita
548 815 683 888 profert:
704 814 740 870 Iu
761 814 816 870 leuc
837 831 869 869 se
891 813 1049 871 Mauritius
1071 813 1207 872 Maurum
1230 815 1272 872 di·

202 898 331 954 uidetur:
367 899 402 954 In
425 898 479 954 tac
501 898 592 972 Nicer
616 895 759 976 &iudidus
780 899 909 957 habetur.
954 897 1029 956 cett
1050 900 1198 972 diffitetur
1214 920 1271 975 pre

202 982 354 1049 dividetur,
378 991 411 1040 ut
431 985 471 1039 sit
491 1003 609 1042 seusus:
643 984 774 1052 Maurus,
799 986 866 1041 ticet
886 987 971 1058 nicer
990 986 1087 1058 fuet-it
1106 994 1269 1060 corupectu,

202 1068 248 1131 (ut
263 1069 437 1142 pierumque
459 1070 538 1126 iilum
562 1069 741 1144 depinquut)
780 1079 874 1126 tumen
898 1070 1035 1127 vcetrtdcre
1062 1073 1176 1128 uuimsw
1203 1067 1294 1128 uere'

200 1154 293 1210 cibum
316 1173 434 1210 essese
456 1154 670 1212 demonstrauit.
715 1155 750 1212 Iu
780 1174 865 1212 versu
886 1158 1021 1228 sequenti
1037 1161 1154 1231 poetam
1176 1157 1268 1230 Nicer

197 1257 255 1312 pro
278 1241 390 1294 nomine
406 1241 529 1314 proprio
552 1239 694 1298 babuisse·
722 1241 844 1298 videtur.
888 1241 931 1297 Et
963 1242 1068 1312 forsan
1093 1243 1124 1297 iu
1146 1243 1269 1298 ecclesia

204 1323 255 1380 illa
278 1326 373 1379 irtcrct
396 1325 514 1382 traditio
536 1343 623 1382 uuum
646 1343 685 1382 ecc
710 1325 840 1408 thebaea
869 1327 982 1400 leuiore
1009 1329 1125 1384 mititem
1156 1345 1189 1382 ec
1219 1346 1269 1382 uc-

200 1411 275 1464 mirte
297 1407 470 1484 appellatum
490 1412 593 1481 fuisse.
637 1411 756 1478 Addidi,
794 1415 878 1468 metri
900 1429 1002 1479 ceusu,
1026 1412 1169 1479 candidis,
1193 1412 1271 1486 qued

108 1564 119 1572 -
197 1495 288 1566 facile
310 1495 447 1551 excidere
463 1497 568 1569 potuit.
616 1497 684 1553 Tum
706 1515 809 1554 seusus
832 1500 902 1554 erit:
939 1498 1049 1572 Nicer,
1083 1516 1101 1553 u
1137 1497 1269 1554 candidis

198 1581 302 1652 suique
337 1579 478 1636 similibus
506 1581 625 1648 animis,
666 1579 809 1639 Candidus
830 1582 959 1641 babetur.
996 1583 1031 1638 In
1059 1599 1119 1638 uno
1157 1584 1268 1640 erravit

199 1665 250 1721 Vir
286 1665 408 1722 Doctus.
473 1665 536 1720 Vox
572 1665 687 1741 Niger
721 1669 839 1724 minime
876 1673 959 1724 tenet
1005 1668 1106 1724 locum
1140 1668 1267 1724 nominis

198 1751 321 1825 proprii,
344 1749 399 1806 sed
426 1751 564 1824 apposita
587 1757 633 1808 est
649 1751 827 1811 Candido,
872 1755 999 1810 Sensus:
1024 1751 1184 1820 Candidus,
1208 1753 1270 1808 Ae·

198 1836 313 1909 thiops,
343 1837 519 1909 martyrium
550 1853 731 1910 perpessus,
766 1856 844 1895 nunc
868 1825 996 1918 dimitti<
1018 1837 1170 1895 Candidus
1202 1827 1267 1894 est:

198 1927 337 1996 uersatur
359 1922 436 1978 enim
463 1923 493 1977 in
529 1919 687 1978 candidato
710 1923 878 1998 Martyrum
915 1925 1054 1982 exercitu.
1098 1923 1160 1980 Nos
1182 1929 1268 1980 recta

198 2005 324 2073 vidisse,
368 2009 433 2076 tota
471 2005 559 2064 docet
597 2009 735 2066 carminis
771 2007 902 2076 indoles,
944 2009 973 2065 in
1011 2027 1076 2066 sex
1111 2007 1268 2066 Thebaeo·
1375 2050 1382 2065 .

198 2109 264 2148 rum
308 2090 433 2148 ducibus
479 2097 642 2166 occupata:
689 2095 818 2151 omissus
864 2100 946 2151 esset
981 2093 1195 2162 Candidus,
1239 2096 1266 2150 si

113 2241 116 2249 y
198 2177 325 2252 Nigro,
348 2177 422 2233 alias
444 2195 569 2251 prorsus
591 2179 705 2253 ignoto,
729 2180 947 2237 concederetur
969 2179 1075 2238 aditus.
1121 2179 1154 2237 G.
1190 2181 1269 2236 vic·

197 2268 254 2332 tor
276 2263 491 2320 victoribus
513 2265 648 2322 victus.
693 2265 799 2322 Neale2
836 2267 951 2331 Victus,
980 2268 1093 2324 sciticet
1119 2284 1137 2321 u
1164 2273 1267 2332 morte,

197 2357 254 2406 est:
292 2350 466 2416 uictoribus,
509 2351 622 2409 scilicet
651 2351 768 2410 Sanctis
796 2369 859 2409 cum
876 2351 1001 2408 ‚Christo
1024 2351 1268 2426 triumphantibus

196 2436 367 2496 associatur.
413 2434 460 2494 Itu
481 2451 594 2509 quoque
617 2443 771 2503 testantur,
800 2437 829 2494 S.
859 2437 972 2494 Victore
1001 2439 1171 2510 martyrium
1199 2437 1266 2494 sub-

196 2528 298 2586 eunte,
328 2520 455 2578 auditam
480 2521 576 2591 fuisse
603 2539 696 2578 ccccm
719 2522 755 2578 de
777 2524 872 2580 coeto:
896 2518 1024 2588 ‘Vicisti,
1046 2523 1130 2580 teate
1158 2522 1264 2588 Victor,

195 2601 309 2662 vicistis
333 2605 362 2664 3.
377 2605 451 2662 tn.
467 2605 907 2666 Ubiinnocentiuvitem
922 2603 1131 2674 datVitali,
1154 2606 1265 2665 benus

196 2689 463 2746 Innocentium
484 2693 651 2764 praemio
674 2693 802 2750 vitali:
841 2709 910 2766 quo
946 2697 1083 2750 neuter
1105 2693 1175 2748 iam
1196 2709 1265 2748 mo-

193 2776 297 2833 ritur
318 2781 422 2832 tutus
445 2793 463 2834 a
485 2777 620 2843 vitali,
644 2782 811 2852 uterque
827 2777 897 2834 sub
913 2777 991 2834 alis
1015 2795 1055 2834 se
1071 2777 1136 2834 Dei
1158 2778 1264 2834 novit

195 2861 252 2918 ali.
297 2861 374 2920 sane
394 2861 468 2918 'hac
506 2861 617 2922 codicis
639 2864 804 2936 scriptura
840 2864 968 2920 evitatur
990 2863 1134 2936 strophae
1155 2863 1264 2918 tertiae

194 2945 322 3005 ambitus
345 2945 427 3002 hand
449 2947 613 3021 legitimus:
637 2953 737 3006 tamen
760 2949 844 3004 lusus
861 2948 936 3006 sexti
945 2949 1068 3014 numeri,
1092 2949 1143 3022 qui
1153 2948 1263 3022 ubique

68 3061 78 3080 a
194 3033 374 3105 conspicuus
398 3036 458 3099 est,
481 3049 536 3090 nos
559 3039 659 3091 movet
681 3038 715 3090 ut
737 3050 789 3092 sex
812 3031 952 3108 strophas
975 3034 1095 3106 potitam
1118 3034 1263 3090 cecinisse

193 3115 359 3174 credamus.
404 3116 531 3180 Accedit
546 3117 627 3193 qnod
649 3117 943 3183 versushdmontani
966 3120 1025 3176 sint
1041 3119 1263 3177 artificiosiores

193 3207 285 3277 atque
308 3201 491 3264 subobscuri.
542 3202 693 3262 Medelum
729 3205 864 3278 exposcit
901 3221 957 3261 vox
994 3209 1168 3270 tenetur,
1206 3203 1263 3258 nisi

192 3286 580 3346 fortebarbarainsolentia
601 3288 682 3346 idem
704 3288 853 3363 significat
875 3305 911 3346 ac
932 3287 1112 3356 habetur,
1135 3289 1263 3345 existi·

192 3379 317 3432 matur.
340 3374 368 3434 5.
391 3373 426 3431 G.
448 3391 559 3432 senas
582 3392 703 3432 senos.
724 3401 769 3412 ··-
790 3375 920 3432 callem
941 3374 1132 3431 Iustitiae
1170 3372 1262 3430 Collis

192 3461 326 3518 iustitiae
349 3465 396 3516 est
418 3477 502 3516 mons
526 3461 576 3534 qui
598 3479 676 3518 nnnc
700 3461 728 3520 S.
741 3459 887 3518 Bernurdi
910 3461 1028 3516 nomine
1049 3460 1176 3534 insignis
1199 3464 1261 3514 est:

190 3546 230 3605 ed
253 3547 316 3604 eius
338 3545 456 3604 radices
479 3545 611 3602 Thebaei
633 3551 781 3620 martyres
804 3550 972 3620 posuerunt
993 3549 1115 3604 castre.v
1134 3543 1168 3602 G.
1190 3561 1262 3598 non

188 3633 360 3706 potestis.
413 3631 599 3704 A.plecti.
637 3631 670 3690 5.·
690 3631 725 3690 G.
756 3629 1067 3690 conscendamus.
1108 3627 1260 3686 Alluditur

189 3717 228 3774 ad
251 3717 565 3774 thronumSalemonis
588 3715 623 3774 11.
646 3716 774 3792 Paralip.
802 3717 852 3783 lx,
879 3717 926 3774 18.
973 3716 1008 3772 G.
1033 3719 1068 3771 et
1096 3733 1166 3772 nen
1188 3716 1261 3772 tini

189 3804 381 3860 Leunculi
397 3793 510 3868 (Parah
534 3803 617 3858 Fecit
650 3810 681 3858 et
702 3804 775 3859 alios
798 3802 943 3860 duodecim
974 3802 1121 3860 leunculos
1149 3808 1263 3856 stantes

188 3907 278 3964 super
299 3905 355 3944 sere
375 3886 498 3962 qradus)
529 3886 676 3943 hocloco
705 3885 909 3961 metaphorice
937 3885 1098 3962 designant
1121 3885 1264 3944 adverse·

188 3976 260 4041 rios,
284 3975 336 4046 qui
357 3971 443 4030 nobis
467 3971 506 4028 ad
521 3973 638 4028 coelum
652 3973 885 4046 properantibus
907 3971 1064 4029 obsistunt
1110 3971 1182 4027 Sex
1203 3972 1265 4026 im-

152 4127 157 4134 ,
186 4059 367 4134 properie
389 4058 497 4116 Matth.
521 4055 612 4126 XXV,
636 4059 675 4115 41
700 4077 746 4134 sq.
773 4056 800 4124 1)
822 4056 975 4115 Discedite
997 4073 1079 4114 cmc
1101 4054 1264 4113 maledicti

187 4144 217 4210 2)
239 4145 357 4202 Esurivi
380 4148 411 4200 et
431 4161 491 4200 non
514 4141 640 4200 dedistis
663 4141 996 4202 mihi‘mundueandum
1010 4147 1067 4199 etc.
1091 4142 1126 4197 A.
1152 4140 1263 4199 vobis

187 4247 294 4304 supp.
318 4229 353 4286 G.
377 4228 513 4298 Quatuor
534 4230 622 4302 primi
644 4221 800 4295 versiculi,
825 4245 901 4303 qnos
924 4229 1144 4310 pulcherrimos
1168 4225 1264 4292 dices,

184 4314 396 4374 desiderantur
416 4315 446 4370 in
462 4313 496 4371 G.
506 4313 725 4388 Comparantur
748 4329 801 4371 sex
825 4313 917 4371 duces
934 4329 1002 4371 cum
1016 4311 1186 4385 Seraphim,
1209 4324 1265 4368 sex

184 4401 240 4458 ulis
262 4402 425 4466 instructis.
469 4401 589 4458 Senae
611 4400 706 4472 alae,
736 4415 814 4475 quus
843 4399 954 4458 tollunt
976 4411 1028 4456 sen
1058 4397 1169 4465 duces,
1194 4401 1266 4454 sunt
