2728 5028
738 327 743 336 ι

919 351 932 366 ὓ

288 601 313 658 O
336 615 416 656 mors
438 598 489 654 illa
512 613 601 674 quam
623 613 733 667 amara,
820 600 896 656 Viva
918 595 1017 654 cordis
1040 613 1113 653 voce
1135 595 1233 663 clamo,
1349 655 1350 666 ,

212 703 216 716 ‘
288 674 378 760 quam
398 683 527 751 immitis,
552 700 641 757 quam
656 699 756 750 avara,
823 683 910 740 dulce
934 699 994 749 eor,
1018 686 1048 738 te
1070 698 1195 756 namque
1209 697 1274 748 amo,
1347 667 1350 720 Ῐ

288 787 366 844 quae
388 783 442 844 p'er
466 769 572 825 cellam
593 770 734 837 introivit,
822 768 860 826 ad
883 785 935 824 cor
957 783 1055 824 meum
1075 767 1222 834 inclinare,
1348 755 1350 782 ⁴

288 858 317 911 in
340 871 400 930 qua
422 854 522 911 mundi
544 857 606 911 vita
628 857 710 922 vivit,
823 859 857 910 ut
880 871 913 910 se
935 853 1033 928 possit
1054 853 1203 926 applicare

228 941 265 998 15
294 945 340 996 rte
362 939 517 1007 mordens,
542 956 593 996 cor
622 939 758 997 dulcissi-
767 939 807 998 15
846 939 954 997 devoto
978 938 1031 994 tibi
1053 941 1187 1010 pectore;

579 1035 674 1092 mum;
825 1029 876 1082 tuo
900 1026 982 1084 vivat
1003 1024 1034 1078 in
1056 1039 1168 1092 amore,

287 1115 645 1184 proptermortem,quam
653 1110 757 1177 tulisti,
824 1127 862 1166 ne
885 1109 1025 1166 dormitet
1046 1109 1077 1166 iu
1099 1113 1223 1181 torpore,

289 1194 408 1270 quando
430 1213 486 1274 pro
508 1212 555 1250 me
579 1194 730 1261 defecisti;
824 1194 863 1252 ad
885 1200 916 1252 te
938 1198 1013 1262 oret,
1037 1192 1076 1250 ad
1098 1197 1129 1250 te
1150 1192 1248 1266 ploret,

285 1279 387 1336 cordis
409 1282 467 1335 mei
490 1296 541 1335 cor
564 1279 714 1347 dilectum,
824 1286 855 1337 te
877 1277 991 1347 adoret,
1015 1285 1045 1336 te
1068 1279 1203 1343 honoret,

288 1367 317 1420 in
340 1370 371 1421 te
394 1382 492 1422 meum
513 1365 558 1422 ser
573 1353 741 1431 51155555,ι
761 1364 802 1424 50
845 1370 876 1422 55
898 1366 999 1422 fruens
1023 1365 1102 1420 omni
1124 1368 1255 1437 tempore.

226 1449 267 1509 20
310 1450 368 1505 hoc
393 1455 439 1506 est
462 1449 543 1524 quod
571 1455 641 1524 opto
669 1451 760 1524 pluri·

581 1553 669 1591 mum·
821 1570 906 1626 Rosa
929 1567 1037 1636 cordis,
1062 1569 1187 1642 aperire,
1231 1594 1238 1603 ν

205 1707 209 1712 ,
290 1653 319 1710 0·
340 1671 391 1710 eor
418 1653 506 1710 dulce
534 1653 759 1728 praedilectum,
826 1657 910 1715 cuius
933 1653 1007 1710 odor
1028 1651 1145 1727 fragrat
1165 1654 1239 1718 mire,

289 1738 399 1794 munda
422 1757 473 1795 cor
495 1757 593 1818 meum
614 1741 747 1796 illectum
825 1745 855 1796 te
879 1739 1002 1814 dignare
1026 1737 1162 1806 dilatare,

290 1829 321 1880 et
342 1826 371 1880 in
395 1827 478 1891 vanis
501 1823 671 1882 induratum
811 1826 871 1887 ,fac
895 1841 1067 1880 cormeum
1090 1824 1227 1880 anhelare

268 1901 370 1984 ¹pium
392 1910 439 1966 sac
463 1914 494 1966 et
516 1912 686 1966 timoratum
760 1910 800 1969 55
844 1912 962 1966 flamma
984 1907 1139 1976 desiderii3

225 1993 266 2052 25
309 1995 431 2068 repulso
454 1999 532 2051 tetro
555 1997 681 2070 frigore;
825 1995 864 2052 da
886 2013 937 2052 cor
960 1993 1043 2051 cordi
1065 1995 1183 2062 sociari,

288 2097 342 2154 per
365 2079 524 2136 medullam
547 2080 645 2138 cordis
667 2082 724 2138 mei
825 2087 925 2138 tecum
946 2081 1025 2147 Iesu,
1037 2081 1195 2146 vulnerari,

288 2167 460 2238 peccatoris
483 2171 574 2240 atque
597 2167 640 2222 rei
824 2185 893 2224 nem
916 2184 967 2223 cor
990 2163 1073 2222 cordi
1098 2165 1244 2230 similatur,

288 2255 357 2311 tuus
381 2268 463 2306 amor
486 2251 689 2318 transferatur,
825 2254 850 2309 si
873 2269 924 2308 eor
945 2269 1044 2308 meum
1064 2251 1231 2324 perforatur

289 2353 348 2408 quo
372 2352 424 2390 cor
445 2339 541 2390 totum
562 2337 696 2409 rapiatur
760 2336 801 2397 60
846 2339 963 2412 sagittis
986 2337 1168 2411 improperii.

226 2419 266 2476 30
301 2421 456 2494 'languens
480 2423 588 2478 amoris
611 2421 743 2479 vulnere.

288 2539 430 2606 Dilatare,
455 2541 580 2613 aperire,
824 2541 904 2598 Infer
925 2545 1009 2597 tuum
1030 2541 1110 2598 intra
1133 2541 1225 2596 sinum

269 2628 509 2698 ‘tanquamrosa
524 2625 660 2699 fragrans
676 2627 758 2694 mire,
825 2631 932 2683 corut
954 2625 1008 2684 tibi
1031 2629 1069 2683 sit
1091 2627 1227 2692 vicinum,

289 2707 370 2764 cordi
393 2727 459 2792 meo
483 2713 512 2766 te
536 2713 692 2785 coniunge,
821 2714 852 2768 in
875 2711 977 2770 dolore
1000 2711 1159 2786 gaudioso,

218 2793 229 2806 “’
287 2813 366 2868 unge
389 2794 463 2850 illud
486 2800 516 2850 et
539 2813 714 2870 compunge,
824 2815 891 2856 cum
914 2796 1037 2853 deformi
1060 2799 1207 2870 specioso,

225 2879 264 2938 35
310 2882 360 2953 qui
376 2873 457 2935 amat
478 2885 517 2947 te,
536 2879 607 2954 quid
622 2881 818 2954 patiturl65.
846 2881 927 2958 quod
948 2883 996 2940 vix
1023 2883 1157 2956 seipsum
1180 2879 1279 2954 capiat;

288 2963 430 3037 quidnam
453 2969 525 3038 agat
546 2967 643 3022 nescit
665 2984 736 3024 vere
821 2968 870 3024 hic
892 2972 1048 3040 repauset,
1079 2960 1131 3023 hle
1154 2967 1279 3027 moretur,

286 3066 341 3104 nec
367 3067 398 3104 se
422 3049 503 3106 valet
522 3049 672 3118 cohibere,
824 3070 895 3110 ecee
917 3055 976 3110 iam
997 3057 1068 3126 post
1091 3057 1121 3108 te
1149 3053 1279 3113 movetur,

286 3134 398 3204 nullum
421 3133 540 3190 modum
570 3134 621 3192 dat
643 3139 746 3207 amori,
826 3143 856 3195 te
879 3137 1018 3194 ardenter
1040 3137 1105 3195 vult
1129 3139 1218 3194 sitire.

286 3219 380 3274 multa
403 3224 498 3276 morte
521 3221 612 3278 vellet
634 3225 715 3278 mori
820 3224 890 3295 Iesu
902 3225 963 3280 noli
982 3225 1141 3291 contraire,

223 3304 264 3362 40
309 3320 409 3378 amore
432 3307 568 3380 quisquis
591 3309 726 3364 vincitur.
757 3307 798 3366 7⁰
841 3314 874 3364 ut
896 3308 972 3366 bene
996 3307 1033 3366 de
1056 3313 1086 3366 te
1110 3309 1227 3365 sentiat.

657 3456 705 3518 Au
726 3457 860 3520 Faciem.

533 3579 622 3637 Salve
646 3585 736 3654 caput
759 3584 953 3638 cruentatum.

635 3739 880 3807 fflmpm

269 3818 282 3845 ¹
304 3831 406 3889 Haece
429 3833 611 3902 cantilenae,
642 3835 813 3908 deripuisse
840 3836 955 3903 Reime,
985 3835 1032 3892 die
1060 3836 1123 3892 rich
1151 3852 1187 3890 ze
1214 3831 1278 3888 allen

222 3916 418 3974 Gliedmasren
443 3919 549 3976 Christi
574 3937 619 3976 am
636 3919 744 3976 ·Kreuz
772 3921 906 3987 mesdeo,
937 3918 981 3987 (V.
1005 3919 1178 3995 Herberger
1199 3917 1229 3974 P.
1248 3911 1278 3968 Il·

219 3999 291 4066 389)
314 4003 344 4057 in
367 4002 545 4060 editionibus
575 4005 603 4060 S.
627 4004 773 4060 Bernardi
802 4005 857 4061 sub
886 4007 981 4079 ipsius
1003 4007 1120 4062 nomine
1143 4003 1279 4062 veneunt;

218 4085 373 4160 atque,‘id
396 4087 550 4162 quodiam
573 4107 632 4145 non
654 4090 727 4146 nulli
742 4095 928 4159 monuerunt,
952 4089 1118 4148 Bernhardi
1139 4087 1280 4163 ingenium

217 4173 249 4225 et
270 4169 399 4228 indolem
423 4191 475 4230 555
499 4175 612 4246 spirare
636 4176 702 4249 quis
727 4181 774 4236 est
796 4177 847 4250 qui
868 4177 977 4232 infitias
1000 4179 1066 4232 eat?
1107 4175 1148 4230 Et
1173 4173 1279 4243 inipso

217 4254 383 4313 Claravalle
406 4263 496 4316 vetus
520 4257 641 4316 traditio
665 4275 716 4316 eas
738 4261 797 4334 ipsi
819 4261 993 4319 attribuisse
1015 4260 1141 4318 videtur.
1186 4251 1279 4313 Mobil-

215 4339 283 4396 lone
304 4343 381 4398 enim
396 4348 521 4400 auctore
537 4343 648 4418 legitur
663 4346 693 4400 in
707 4351 811 4403 vetere
827 4345 940 4402 tabella
953 4345 1176 4411 clarevallensi,
1199 4335 1277 4415 quod,
