2788 5024
755 436 821 510 fl

194 623 199 630 '
258 624 304 683 13.
326 621 566 720 ’101001010000
587 617 663 676 r‘odit
684 623 783 676 terrae
806 619 970 688 creditum
993 613 1048 677 s'ed
1070 617 1198 678 reddidit
1218 625 1304 678 00010·

257 795 303 852 lla
325 794 364 850 Et
386 706 631 866 sicutljlpitcteusffus
646 789 731 848 affuit
744 789 920 866 disciplinis,
942 794 985 848 ita
998 794 1090 850 variis
1104 791 1212 848 abseus
1226 791 1305 866 signis

456 875 600 932 miracula
621 876 823 950 promulgavit
846 877 1049 936 saluberrima.
1367 893 1369 904 ⁴

255 966 302 1024 15.
324 963 373 1022 Ad
405 963 537 1020 tumbam
568 963 631 1018 eius
659 959 819 1020 daemones
851 964 1030 1037 effugantur,
1064 964 1154 1020 miser
1181 962 1306 1020 coeculus

457 1054 548 1123 atque
572 1045 680 1104 surdus
704 1053 735 1104 et
757 1047 864 1106 debilis
886 1047 1007 1106 reddita
1028 1051 1157 1106 sanitate
1179 1047 1305 1123 gaudent.

203 1211 207 1218 ι
256 1136 302 1196 lii.
324 1133 367 1192 Te
390 1133 490 1210 angeli
513 1151 580 1188 cum
600 1133 767 1208 prophetis,
790 1135 920 1209 apostoli
942 1151 1010 1192 cum
1031 1134 1248 1190 confessoribus
1268 1149 1307 1188 ce

255 1307 302 1366 17.
327 1219 598 1363 Ο101011008111ω1111
621 1321 724 1360 omnes
746 1306 878 1362 carmina
899 1311 1007 1362 sonant
1023 1324 1078 1380 pro
1100 1304 1187 1362 nobis
1195 1310 1227 1360 ut
1248 1321 1306 1377 sup·

456 1390 527 1464 plici
549 1396 674 1462 precatu
696 1391 843 1466 postules,

256 1477 301 1536 16.
325 1475 410 1546 Quae
432 1475 561 1617 Οὲἳὲΐθ
575 1477 752 1549 conquisisti
765 1476 858 1544 lucra,
874 1481 912 1532 'te
929 1477 1015 1554 sequi
1030 1483 1210 1546 mereantur,
1232 1475 1308 1532 beate

562 1565 617 1616 ric.

337 1681 456 1756 Agnovi
484 1682 659 1756 sequentiae
694 1681 812 1740 titulum
844 1681 992 1750 Mater,
1030 1683 1253 1758 agnoscendum
1279 1699 1308 1738 er

253 1765 413 1826 collatione
444 1769 619 1842 sequentiae
647 1766 864 1842 Pangamus
894 1770 1091 1826 creatoris
1121 1775 1238 1844 atque
1257 1784 1307 1824 rc·

213 1857 217 1869 '
252 1853 469 1928 demptoris
491 1851 546 1908 No.
570 1851 619 1910 40.

339 1941 364 1997 1.
387 1939 421 1996 Α.
445 1937 631 1994 Christus.
681 1937 709 1995 3.
739 1937 773 1992 Α.
811 1940 930 1994 maria
964 1945 1000 1994 et
1034 1957 1138 1996 arva.
1185 1940 1212 1997 7.
1234 1938 1306 1996 ABR

250 2029 499 2083 venerantur.
522 2023 675 2080 Mo.Reim
698 2021 758 2078 und
785 2023 857 2080 Sinn
871 2021 991 2080 sordem
1013 2026 1174 2082 incolas.
1211 2026 1307 2081 Besser

250 2112 330 2168 wire
350 2109 462 2183 jedoch
484 2108 725 2164 hab'erentur
746 2109 910 2166 incolae.
937 2109 1078 2177 Veneror,
1101 2115 1137 2166 ut
1159 2111 1194 2166 111
1214 2113 1243 2167 10
1264 2110 1306 2166 Se
1368 2167 1369 2186 ἶ

251 2197 390 2272 quentiis,
414 2195 509 2250 forma
530 2209 728 2250 venerare
750 2200 925 2267 usurpatum
935 2199 990 2262 est,
1013 2197 1056 2251 ita
1077 2201 1112 2250 ut
1133 2213 1307 2254 veneren-
1368 2257 1369 2260 Ἴ

250 2287 310 2338 tur
332 2282 372 2337 sit
392 2278 510 2336 Passivi
532 2280 635 2334 forma.
670 2279 718 2336 13.
740 2281 800 2337 Μο.
823 2277 929 2335 fodit
949 2279 1049 2336 haben
1071 2281 1131 2336 alle
1155 2279 1307 2356 gegendas
1368 2279 1369 2284 ’

251 2367 491 2440 Strophenmass.
543 2365 631 2438 Legit
657 2365 708 2420 Vir
735 2366 849 2421 Doctus
882 2365 898 2418 1
902 2363 1041 2423 oderat.
1086 2365 1127 2421 st
1153 2379 1226 2424 vero
1252 2383 1307 2421 cum

251 2453 376 2526 stropha
402 2449 518 2508 decima
548 2451 638 2506 tertia
671 2451 845 2524 sequentiae
872 2449 928 2506 XX
962 2451 1145 2526 syllabarum
1176 2443 1215 2508 sit
1241 2450 1306 2524 (leg.

249 2538 308 2594 vel
329 2532 578 2604 archiatrum)
607 2533 704 2591 fodit
730 2535 892 2592 tenendum
917 2541 1024 2592 estne
1052 2537 1207 2610 legitimus
1230 2536 1307 2611 sylla·

249 2623 354 2680 barum
376 2638 517 2678 numerus
539 2621 717 2695 negligatur.
764 2622 812 2680 11.
833 2621 892 2678 DE.
914 2623 990 2681 mir.
1013 2622 1273 2696 celeberrima

333 2894 403 2956 105.
442 2883 513 2966 [Ex
539 2882 935 2972 Aeyypic'Pltaraotts'e.
980 2895 1024 2952 De
1055 2895 1083 2954 S.
1106 2896 1227 2956 Maria
1248 2895 1291 2952 Ae

249 2983 433 3058 gyptiaca.
478 2979 530 3045 (ll.
553 2997 576 3039 s.
598 2980 648 3039 lx
670 2977 768 3054 Apri]
1302 3005 1307 3020 .

251 3105 277 3161 1.
292 3101 335 3156 Ex
357 3100 500 3174 Aegypto
523 3099 687 3156 Pharaonis
828 3101 877 3158 Sic
900 3099 1021 3156 excluso
1044 3098 1183 3158 adultero

289 3186 323 3242 In
345 3187 483 3260 amplexu
509 3185 675 3242 Salomonis
825 3187 985 3246 Maritatur
1008 3186 1125 3260 Spouso
1147 3205 1221 3246 vero

334 3269 436 3328 Nostri
458 3273 566 3327 transit
588 3271 663 3326 lilia:
871 3271 986 3330 Ornatu
1008 3271 1140 3332 mirifico.

291 3356 334 3414 Ex
356 3355 474 3414 abiecta
495 3357 529 3412 fit
553 3357 659 3426 electa,

290 3442 333 3500 Ex
355 3460 467 3518 rugosa
488 3444 522 3501 fit
543 3443 682 3512 formosa,

332 3529 376 3586 Ex
397 3528 497 3584 lebete
519 3527 628 3602 phiala.

782 3391 810 3451 4.
825 3391 880 3448 Dei
902 3392 1046 3465 templum
1068 3394 1191 3450 introire

824 3477 901 3532 Dum
923 3477 1051 3545 laborat,
1074 3495 1141 3534 mor
1163 3477 1259 3536 redire

866 3561 1000 3618 Necdum
1024 3561 1114 3638 digna
1137 3567 1267 3640 cogitur:

145 3649 157 3667 ⁸
248 3650 276 3710 2.
292 3648 388 3706 Stella
408 3649 499 3706 maris
521 3647 590 3704 huic
613 3647 717 3712 illuxit,
781 3655 785 3672 ‘
825 3646 873 3703 Ad
898 3665 949 3703 cor
972 3657 1058 3704 suum
1079 3653 1246 3717 revertitur,

292 3734 340 3790 Ad
363 3733 505 3790 dilectum
528 3749 617 3807 quam
633 3714 783 3801 condurit,
828 3731 914 3788 Flctu
938 3733 1026 3806 culpa
1050 3735 1257 3810 submergitur,

332 3819 419 3875 Pacis
442 3823 566 3875 nectens
589 3816 725 3874 foedera:
869 3818 956 3874 Fletu
979 3819 1068 3894 culpa
1090 3823 1209 3896 tegitur.

288 3903 388 4045 gum
409 3904 465 4003 D‘fi
487 3903 646 4003 mefflante’
784 3935 812 3996 5.
828 3937 927 3994 Locus
951 3936 1089 3998 desertus
1112 3941 1269 4016 quaeritur,

315 3994 454 4046 eccatrrcr
476 3989 594 4046 Christo
619 3987 718 4056 dante,
826 4023 991 4080 Levium
1017 4028 1187 4092 conteritur,

332 4074 408 4132 Sunt
430 4074 552 4132 dimissa
575 4075 697 4132 scelera.
868 4107 1009 4178 Mundus,
1032 4125 1104 4168 cam
1124 4107 1262 4170 gignitur:

248 4193 275 4254 3.
291 4193 390 4251 Vitam
412 4177 616 4252 ducens'hnec
633 4194 783 4250 carnalem
826 4195 938 4250 Domus
961 4198 1058 4268 patris
1078 4197 1271 4270 postponitur,

288 4279 429 4340 Pervenit
451 4280 482 4336 in
505 4280 702 4348 Hierusalem,
825 4279 932 4338 Vultus
956 4283 1063 4338 mentis
1087 4281 1275 4356 componitur,

331 4365 469 4442 Nuptura
490 4367 631 4440 pacifico:
868 4365 967 4422 Decor
990 4369 1088 4424 caruis
1111 4367 1262 4442 spernitur.
