2788 5024
215 624 243 680 4.
282 621 415 691 Quorum
435 623 465 678 in
488 623 598 696 gloria,
629 639 756 696 quorum
778 595 967 697 praesentia,
990 626 1079 681 testis
1102 626 1278 693 assistitur;

281 708 365 764 Unus
387 724 406 764 a
428 706 561 771 dextera,
585 707 662 764 alter
684 707 722 763 ab
743 709 839 766 altera
860 715 949 782 parte
972 711 1165 802 conspicitur.

216 826 244 886 5.
280 825 387 883 Petrus
410 842 483 900 prae
507 825 615 900 gaudio
639 832 728 902 rupto
752 829 880 894 silentio,
905 829 977 886 visis
1001 828 1163 896 miraculis,

279 912 354 968 Cum
375 913 423 985 pie
447 905 565 986 desipit,
591 930 758 970 sermonem
780 915 885 987 incipit
909 912 945 969 de
969 913 1183 974 tabernaculis.

216 1031 245 1091 6.
282 1031 357 1088 Cum
378 1030 486 1088 Petrus
508 1032 648 1105 loquitur,
673 1032 755 1117 clara
777 1031 944 1090 demittitur
966 1034 1061 1090 nubes
1076 1035 1107 1090 iu
1123 1033 1270 1092 medium:

279 1117 323 1174 De
346 1118 432 1172 nubis
455 1116 552 1172 medio
574 1117 665 1174 Pater
687 1135 741 1190 pro
764 1118 837 1174 Filio
861 1117 913 1174 dat
935 1120 1146 1176 testimonium.

218 1238 246 1296 7.
283 1236 331 1292 Ad
353 1241 413 1294 tam
435 1237 587 1292 insolitum
609 1235 646 1292 de
669 1237 746 1292 nube
770 1238 899 1294 sonitum
922 1237 1033 1297 cadunt
1055 1237 1207 1312 discipuli:

281 1323 382 1378 Virtus
404 1321 550 1378 illabitur:
575 1339 671 1378 sermo
695 1321 890 1379 subtrabitur:
915 1323 1048 1397 caligant
1070 1325 1157 1382 oculi.

221 1443 249 1500 8.
287 1441 426 1498 Accessit
448 1441 584 1513 protinus
609 1439 647 1494 ad
671 1457 775 1506 servos
798 1441 942 1498 Dominus
964 1447 998 1498 ut
1021 1459 1072 1498 eos
1096 1447 1252 1518 tangeret:

284 1527 390 1582 Statim
411 1527 557 1582 restituit:
583 1526 671 1582 silere
695 1529 821 1582 monuit:
846 1526 940 1583 donee
961 1533 1144 1603 resurgeret.
1216 1559 1223 1583 ι

221 1648 249 1706 9.
287 1646 542 1703 Solemiustitiae
565 1644 705 1702 viderunt
726 1641 815 1702 hodie
838 1647 981 1704 mortales
1005 1647 1096 1714 oculi;

284 1729 459 1804 splendoris
483 1733 580 1804 gratia
602 1729 742 1804 designat
764 1731 889 1806 gloriam
911 1733 1002 1788 futuri
1026 1733 1145 1790 saeculi.

204 1853 250 1910 10.
289 1849 356 1905 Exit
377 1849 501 1906 visibilis
524 1849 576 1906 ille
590 1851 743 1916 'mirabilis
768 1851 814 1907 sol
835 1853 865 1907 in
888 1851 1111 1926 splendoribus:

283 1935 379 2018 Quem
402 1937 498 1991 earnis
522 1933 625 1992 trabea
647 1935 768 1992 velabat
790 1941 879 1994 antea
901 1939 1010 1994 nostris
1035 1934 1197 1994 obtutibus.

201 2057 248 2112 11.
287 2054 379 2112 Cuius
402 2056 561 2112 clementia
583 2072 637 2112 sua
660 2073 714 2112 nos
738 2058 835 2130 gratia
858 2059 970 2117 sanctis
993 2059 1136 2113 associet:

280 2140 412 2214 Eiusque
435 2141 537 2208 facies,
562 2157 622 2214 qua
643 2141 741 2214 fulget
763 2141 841 2197 haec·
862 2141 936 2226 dies,
959 2147 1114 2198 aeternum
1129 2142 1231 2210 satiet.

287 2465 357 2524 567.
382 2453 587 2542 [speciosus
606 2451 725 2540 forma
745 2474 837 2542 proc
851 2457 949 2522 atatis
963 2452 1140 2534 hominum
1155 2453 1275 2522 Iecur.

198 2552 232 2608 In
254 2551 617 2624 Transfiguratione
640 2551 766 2607 Domini.
811 2550 926 2606 Neale
951 2551 1019 2626 Seq.
1044 2571 1071 2626 p.
1090 2549 1149 2610 tls
1170 2547 1277 2606 eMis·

157 2673 159 2687 ‚
202 2637 257 2694 sali
281 2635 493 2710 Salzburgensi
519 2633 597 2692 1515
623 2641 653 2691 et
675 2633 906 2704 Ratisbonensi.l
1011 2714 1014 2722 1

223 2758 248 2815 1.
271 2755 433 2830 Speciosus
456 2756 551 2810 forma
572 2757 744 2829 praenatis
767 2743 920 2812 hominurn
942 2755 1037 2822 Iesus,

219 2844 247 2900 2.
269 2843 392 2910 Vultum
414 2839 585 2897 desiderant
608 2841 693 2919 cuius
716 2841 824 2915 Angeli
848 2840 990 2898 deifluum
1011 2841 1129 2907 intueri,
1170 2899 1173 2908 ,

220 2927 248 2986 3.
270 2926 329 2984 Pro
352 2927 439 2984 nobis
462 2927 637 2994 exinanitus,
661 2927 691 2982 in
712 2927 808 2982 forme
831 2928 910 2984 servi
933 2927 996 2982 Rex
1017 2925 1200 2991 humiliatus,
1228 2926 1230 2932 ’

220 3013 247 3068 4.
271 3011 367 3086 Hodie
394 3012 505 3067 formae
535 3010 641 3083 pandit
672 3011 788 3069 divinae
815 3012 913 3068 lucem
940 3013 1126 3070 inaccessam
1151 3027 1208 3085 per
1230 3010 1277 3066 lu·

239 3161 243 3171 s
402 3113 466 3152 cem
489 3095 683 3170 symbolicam

222 3181 250 3240 5.
274 3181 308 3238 In
330 3187 430 3238 monte
453 3182 805 3258 transfiguratuscelso:
829 3201 918 3240 verus
941 3184 1007 3256 ipse
1030 3199 1113 3238 mons
1128 3182 1278 3238 montium

402 3265 548 3323 excelsior
570 3259 663 3325 coelo.
1171 3265 1178 3276 '

221 3351 249 3412 6.
272 3351 363 3409 Vultu
392 3353 460 3422 soli,
491 3357 575 3410 veste
602 3369 657 3426 par
683 3354 758 3417 nivi:
790 3351 911 3428 qualem
940 3352 997 3410 soli
1026 3358 1088 3409 tres
1110 3350 1277 3410 cernebant

379 3472 382 3480 ,
406 3437 523 3494 deividi.
1085 3433 1087 3438 ’

220 3523 248 3584 7.
272 3521 363 3592 Caro,
399 3525 520 3598 sanguis
550 3541 609 3579 non
632 3525 789 3582 revelavit:
822 3524 876 3582 sed
898 3524 989 3582 Pater
1012 3524 1163 3591 coelestis,
1188 3524 1277 3580 cuius

402 3619 459 3666 vox
482 3608 586 3666 edixit:
640 3643 641 3648 κ

220 3696 248 3754 8.
273 3696 328 3752 llic
352 3700 399 3752 est
421 3699 508 3751 natus
532 3695 602 3750 milri
626 3695 764 3763 dilectus,
789 3697 843 3752 toti
866 3695 975 3752 mundo
997 3689 1179 3753 audiendus:

220 3781 247 3839 9.
271 3782 356 3837 Hunc
381 3780 537 3860 docentem
561 3797 680 3854 semper
703 3780 802 3837 audite
810 3799 817 3849 ;
841 3782 897 3836 soli
920 3797 1023 3838 omnes
1047 3777 1196 3837 obaudite.

202 3866 248 3924 10.
271 3865 297 3922 0
320 3883 391 3923 vere
414 3867 534 3922 nimium
557 3866 647 3932 beati,
670 3866 759 3924 huius
783 3868 891 3924 secreti
914 3868 1035 3934 conscii,

135 4015 143 4034 ⁸
202 3952 249 4007 11.
274 3950 328 4017 Tu,
351 3951 450 4019 Petro,
474 3950 590 4018 Iacobo,
614 3951 755 4030 Ioannes:
781 3969 816 4010 ex
839 3952 943 4010 electis
967 3952 1056 4008 electi
1079 3953 1157 4008 tres!

203 4035 250 4095 12.
275 4035 412 4093 Mirabile
436 4042 584 4093 secretum
601 4042 648 4092 est
663 4036 747 4094 vobis
763 4037 946 4105 revelatum·;
970 4035 1046 4114 q'uos
1061 4035 1155 4093 nubes
1172 4036 1280 4092 obum-

405 4122 510 4188 bravit,
534 4119 625 4177 Pater
647 4121 774 4180 edocuit.

203 4208 250 4267 13.
274 4207 378 4265 Nubes
405 4207 481 4264 haec
509 4223 569 4262 non
591 4212 750 4274 terrorem,
782 4207 837 4264 sed
859 4211 973 4283 gratiae
997 4207 1049 4265 dat
1070 4225 1183 4265 rorem:
1215 4221 1281 4261 non

402 4294 482 4350 fumo
506 4292 701 4360 subobscura,
726 4291 781 4350 sed
802 4293 977 4351 lucivoma.-

203 4379 250 4438 14.
275 4379 300 4438 Ο
325 4395 471 4440 summum
493 4379 621 4454 gratiae!
645 4379 730 4436 vobis
754 4377 944 4455 condignum,
967 4379 1141 4454 Boanergel
