2772 5024
195 587 335 644 Alterum
357 603 478 646 carmen
500 587 633 661 strophis
656 590 840 646 continetur:
864 589 917 646 Tu
940 590 1101 650 Christe
1123 612 1184 650 no-

111 679 226 732 etrum
255 672 455 747 gaudium,
500 673 597 729 Hinc
627 677 664 730 te
691 680 905 748 precantes
936 694 1183 750 quaesumus,
1272 726 1275 732 ,

111 758 155 816 Ut
184 775 268 814 cum
298 762 466 831 repente
503 761 701 832 coeperis,
740 759 876 816 Gloria
913 761 988 818 tibi
1016 763 1184 822 Domine.

111 844 216 902 Diem
241 835 375 916 Hymnus
403 843 456 900 tat
483 838 659 900 tuscischen
687 845 835 902 Versmaes
864 846 924 902 aad
951 849 1183 908 atneclsetndea

111 930 191 986 Reim
214 930 245 986 in
267 927 350 986 iader
371 929 582 1004 Halbstroplte,
613 947 646 986 er
672 933 713 986 ist
732 931 795 988 aleo
817 933 920 1005 iriuyer
941 934 986 988 als
1007 935 1183 1000 Ambrosius,

111 1015 169 1086 auf
184 1015 290 1077 &esen
304 1014 437 1086 Hymnus
450 1015 575 1070 Aetnae
597 1031 653 1072 rec
668 1017 809 1084 altissime
828 1019 858 1074 ia
880 1017 932 1072 der
947 1027 1044 1074 ersten
1060 1018 1185 1094 Stropbc

109 1101 274 1174 anyespielt
295 1100 376 1167 aare,
398 1102 453 1156 wie
475 1101 548 1156 aeolo
576 1101 606 1157 V.
632 1099 659 1157 8.
682 1119 719 1156 aa
742 1101 797 1157 dea
819 1101 950 1174 Hymnus
978 1103 1048 1160 Veni
1069 1112 1185 1160 nector

109 1187 233 1259 spiritus
261 1185 292 1241 V.
316 1184 344 1240 4.
368 1187 507 1242 eriam.

193 1269 250 1326 Est
272 1287 345 1344 ergo
368 1271 518 1343 tripartita
539 1277 781 1344 argumentorum
804 1273 898 1328 acies:
1163 1341 1166 1348 Δ

212 1357 238 1412 l.
265 1353 436 1412 Ostendant
450 1355 643 1412 Moaarabum
665 1355 868 1414 additamenta
890 1373 925 1414 ac
942 1358 1183 1416 cisterciensium

264 1441 428 1514 evulgato
459 1445 541 1498 textu
572 1439 733 1498 dissidium·
750 1442 938 1501 Ambrosiani
968 1445 1105 1500 carminis
1136 1461 1183 1500 or-

265 1525 363 1582 dinem
384 1527 549 1599 antiquitus
573 1543 640 1582 esse
663 1527 822 1584 turbatum.
860 1528 944 1601 Opus
967 1535 1015 1584 est
1036 1531 1128 1605 igitur
1150 1535 1183 1584 ut

264 1611 390 1684 pristina
411 1611 505 1668 facies
530 1612 700 1668 criticorum
722 1614 801 1669 curis
824 1619 977 1686 appareat.

208 1697 237 1754 2.
262 1695 429 1752 Occurrunt
458 1699 487 1752 in
510 1695 663 1753 codicibus
693 1697 795 1770 hymni
818 1698 892 1754 duo:
923 1698 1085 1754 Aeterne
1113 1715 1182 1755 rex

173 1795 177 1804 “
264 1781 464 1838 altissime
487 1781 762 1854 etTu·Qhriste
785 1789 967 1840 nostrum
989 1783 1179 1858 gaudium.

263 1866 364 1922 Habes
386 1868 478 1940 igitur
500 1866 559 1922 duo
583 1870 721 1935 carmina,
745 1883 804 1924 non
826 1857 926 1924 unum.

209 1951 238 2008 3.
263 1951 379 2008 Primus
394 1952 523 2026 hymnus
545 1953 575 2008 in
597 1959 692 2008 metro
708 1953 934 2010 Ambrosianum
955 1953 1056 2027 prodit
1070 1960 1180 2010 artem:

265 2036 415 2094 secundus
439 2055 457 2093 a
478 2038 626 2094 vocalium
649 2037 843 2094 concentibus
866 2057 923 2093 non
947 2039 1061 2094 alienus
1084 2044 1140 2095 est.

193 2123 258 2180 Iam
279 2121 521 2198 respondendum
543 2129 591 2178 est
612 2121 651 2178 ad
674 2124 799 2198 singula.

198 2211 224 2265 1.
249 2207 502 2265 mozarabesnon
524 2213 628 2264 nostro
652 2210 772 2264 carmini
797 2207 892 2264 solum
916 2208 970 2264 sed
993 2209 1058 2267 aliis
1081 2209 1181 2270 multis

107 2296 316 2350 intermiscent
350 2295 489 2367 proprios
517 2286 623 2350 versus
659 2295 834 2368 plerumque
865 2295 941 2350 male
964 2299 1107 2350 tornatos.
1139 2293 1188 2350 ci*

108 2397 137 2453 p.
160 2379 213 2440 26.
237 2379 288 2438 48.
320 2377 536 2436 cistercienses
559 2384 691 2447 veteres,
721 2381 765 2438 uti
795 2379 888 2436 codex
910 2385 1013 2436 noster
1034 2380 1078 2434 W.
1104 2381 1128 2435 l.
1152 2384 1183 2434 et

11 2530 15 2544 ι
108 2465 196 2522 Brev.
225 2463 315 2522 1510:
338 2481 411 2523 sane
435 2465 575 2521 omittunt
596 2483 642 2521 vv.
658 2464 791 2523 37-40.
836 2465 1048 2531 Tamenscum
1070 2462 1183 2519 addant

108 2551 254 2624 reliquos,
277 2565 296 2604 a
310 2549 411 2630 hinnio
428 2549 560 2606 secundo
578 2547 699 2606 carmini
714 2549 899 2624 adsignatos,
922 2551 989 2622 ipsa
1005 2549 1182 2605 cistercien·

109 2637 151 2692 sis
173 2635 283 2708 religio
305 2635 385 2692 favet
408 2635 574 2690 sententiae
604 2639 733 2692 nostrae.
779 2635 965 2701 Omiserunt,
996 2636 1110 2706 opinor,
1133 2651 1180 2691 vv.
1212 2688 1220 2705 ,
1273 2699 1279 2716 ¹
1317 2633 1323 2642 '

108 2719 247 2788 er—lo
271 2721 411 2794 quoniam
439 2721 489 2776 illo
520 2737 594 2778 aevo
625 2721 749 2793 stropha
775 2719 895 2792 hymni:
918 2720 993 2776 Jesu
1015 2724 1117 2774 nostra
1135 2731 1182 2773 re·

109 2805 258 2880 demptio,
281 2805 334 2860 Tu
357 2810 442 2862 esto
466 2809 643 2861 nostrum
670 2803 870 2879 gaudium,
900 2805 1130 2878 praetermissae
1152 2803 1182 2858 in

108 2893 205 2966 primo
220 2891 370 2948 versiculo
391 2889 504 2956 similis,
528 2890 663 2946 omnibus
678 2889 796 2964 hymnis
820 2889 857 2946 de
873 2890 1048 2946 ascensione
1064 2887 1183 2944 adnecti

110 2977 202 3034 solita
228 2982 288 3032 est.
332 2975 461 3043 Postea,
492 2993 559 3031 cum
581 2977 765 3032 invalescere
787 2977 922 3048 coeperit
944 2974 1002 3029 alia
1025 2972 1183 3046 doxologia

109 3047 322 3141 ἆναληπτικήε
354 3060 484 3118 Gloria
512 3060 585 3116 tibi
614 3061 766 3117 Domine
800 3065 874 3128 etc,
906 3065 937 3116 et
966 3059 1182 3115 cistercienses
1258 3099 1260 3116 .

18 3213 23 3218 ¹
109 3163 164 3204 suo
187 3146 257 3201 loco
280 3152 446 3219 posuerunt
468 3146 573 3202 verba:
597 3145 647 3202 Tu
668 3151 751 3202 esto
775 3151 842 3213 etc,
866 3147 957 3202 itaut
979 3145 1008 3200 in
1030 3141 1181 3218 hodiernis

108 3230 274 3288 eorundem
295 3231 455 3288 Breviariis
477 3231 535 3287 hae
564 3231 705 3305 legantur
734 3231 890 3305 strophae:
924 3231 1090 3286 Aeterne
1118 3243 1183 3284 rex

105 3345 150 3356 --
173 3315 370 3372 Scandens
391 3344 435 3354 —
456 3316 500 3374 Ut
521 3318 683 3372 trina-
704 3317 876 3372 Tremunt
898 3343 941 3352 -
962 3314 1012 3370 Tu
1035 3317 1118 3370 esto
1140 3339 1183 3350 -

106 3403 197 3459 Hinc
222 3406 257 3458 te
279 3407 478 3476 precantes
498 3402 598 3458 -Ut
621 3419 698 3458 cum
720 3405 877 3475 repente
899 3427 943 3438 -
963 3399 1091 3456 Gloria
1113 3397 1180 3454 tibi
1231 3451 1234 3458 ,

15 3521 19 3532 -
107 3488 267 3544 Domine,

194 3576 225 3633 2.
248 3572 418 3632 Occurrunt
438 3573 469 3628 in
490 3571 770 3628 recentioribus
792 3559 955 3626 librisduo
970 3568 1090 3642 hymni:
1114 3566 1182 3622 Ae·

108 3664 218 3714 terne
247 3673 309 3714 rex
338 3663 368 3714 et
390 3657 440 3713 Tu
469 3663 568 3724 esto,
598 3659 738 3732 queniam
767 3655 849 3730 quod
878 3654 1045 3711 sexcenties
1072 3651 1183 3708 iactum

109 3749 166 3815 eat,
190 3735 292 3801 evenit
314 3759 434 3818 quoque
456 3744 486 3799 in
508 3743 619 3815 hymno
642 3742 807 3798 Aeterne
828 3757 899 3796 rex.
937 3737 1132 3796 Dividebatur
1153 3738 1183 3792 in

109 3827 185 3885 duas
208 3833 313 3902 partes
336 3827 462 3886 diversis
485 3827 567 3883 horis
591 3825 765 3883 destinatas.
803 3825 909 3899 Itaque
925 3825 1043 3900 quaerit
1064 3823 1183 3878 Munius
1252 3890 1259 3896 Π

109 3911 222 3970 nodum
243 3915 274 3970 in
296 3915 404 3987 scirpo.
443 3913 522 3969 Saue
545 3913 734 3988 veromagis
756 3910 889 3984 placebit
909 3910 1015 3966 lectori
1036 3909 1184 3965 sententia

109 4004 224 4067 nostra,
248 4003 355 4073 aperta
369 4000 475 4072 opinor
495 4005 526 4054 et
539 3997 702 4065 luculenta,
726 4014 816 4070 quam
839 3997 937 4070 opinio
953 3995 1045 4050 Monii
1059 4007 1184 4067 prorsus

111 4084 288 4160 singularis:
313 4088 375 4140 tres
399 4083 518 4140 codices
542 4099 621 4139 saec.
642 4083 689 4140 14.
707 4097 742 4138 ac
761 4082 808 4139 15.
825 4079 871 4148 (ex
894 4079 1001 4156 quibus
1025 4078 1083 4133 duo
1107 4078 1185 4132 eius-

112 4168 179 4226 dem
200 4170 375 4226 monasterii
398 4168 477 4234 sunt)
500 4185 603 4225 verum
618 4167 738 4234 vidisse,
763 4183 862 4223 errare
884 4166 1016 4240 reliquas
1040 4160 1185 4217 membra·

92 4270 166 4310 nas
189 4271 304 4329 easque
326 4247 555 4312 uetustissimae.
602 4253 825 4328 conglutinavit
848 4251 923 4307 duos
945 4251 1073 4323 hymnos
1095 4246 1183 4300 Brev.

114 4338 315 4407 Mozarabum,
332 4337 465 4396 confudit
480 4341 610 4418 carmina
626 4338 845 4412 Stephensonio
861 4342 940 4395 teste
956 4333 1086 4394 ecclesia
1097 4335 1184 4388 vetus
1268 4353 1274 4368 «

164 4439 279 4494 Daniel,
294 4439 362 4482 'rhea
377 4439 455 4498 llymu.
469 4438 504 4484 lv.
966 4427 981 4484 θ
