2848 5030
681 425 724 499 α
762 396 767 408 .

251 609 301 670 66.
326 599 494 682 [intimem
514 617 582 666 nna
604 599 846 685 inspicientem
868 602 994 684 crypta
1029 599 1147 666 cccciii
1182 602 1237 668 ri-

163 689 326 752 mantem.
370 694 468 753 Dom.
495 693 517 753 Ι.
546 699 637 767 post
667 692 855 752 Octavam
883 691 1071 752 Paschae.
1094 693 1126 752 B.
1150 693 1236 752 Not·

162 780 265 849 keri,
288 779 381 836 tituli:
405 779 508 836 Deus
530 778 647 836 iudex
668 771 882 848 iustorum]

249 865 338 924 Thes.
368 864 389 923 1.
418 884 447 940 p,
470 865 519 923 55.
563 865 653 921 Mons
682 863 703 922 1.
733 862 803 922 220.
847 863 964 920 Titulus
994 865 1023 920 in
1045 865 1141 938 prima
1163 881 1237 922 voce

97 984 101 999 ι
164 951 345 1026 chuentiae
367 955 512 1010 versatum
1211 997 1214 1002 .

139 1185 145 1204 .
250 1137 299 1197 61.
324 1125 437 1208 [aaut
474 1125 534 1194 titi
567 1128 615 1194 sit
649 1125 803 1210 oficiis
825 1125 937 1203 Dens,
975 1127 1035 1213 qui
1054 1145 1238 1218 nunquam

164 1210 355 1297 confundis
383 1214 421 1277 in
450 1214 483 1278 te
512 1209 738 1294 confidentes.
783 1220 925 1278 Domin.
952 1221 1127 1292 secunda
1147 1229 1239 1296 post

165 1307 247 1366 Oct.
269 1307 405 1364 Pasclu
447 1305 481 1364 B.
509 1303 694 1372 Notkeri‚
725 1305 819 1361 tituli:
850 1305 891 1363 In
913 1313 951 1364 te
974 1306 1133 1364 Domina
1156 1325 1237 1382 spe·

162 1387 266 1460 ravffl

248 1477 338 1535 Thes.
359 1475 386 1534 I.
415 1495 443 1550 p.
473 1473 522 1534 56.
566 1475 656 1531 Mons
685 1475 707 1535 1.
736 1475 807 1535 221.
851 1475 966 1534 Titulus
990 1477 1096 1534 iterum
1119 1485 1237 1553 spectat

163 1561 203 1620 ad
225 1579 262 1619 ea
284 1578 361 1636 quae
383 1563 413 1618 in
437 1561 617 1636 Sequentiae
639 1561 736 1618 fronte
758 1561 858 1635 posita
887 1568 964 1630 sunt,
995 1565 1110 1620 ratione
1132 1564 1237 1620 habita

163 1649 345 1722 scripturae:
375 1645 416 1702 In
446 1651 483 1704 te
510 1646 671 1703 Domine
702 1647 881 1720 speravi,
910 1665 985 1704 non
1015 1648 1237 1706 confundar

163 1735 201 1790 in
224 1737 434 1790 aeternum.

248 1921 297 1980 62.
322 1907 391 1991 [liin
406 1911 573 1994 reqncittr
587 1910 795 1985 caelestium,
818 1913 1048 1977 [menos-nm.
1091 1921 1236 1981 Domin.
1270 1903 1274 1920 ¹

162 2011 252 2064 tert.
274 2003 768 2080 postOctavamPasch'ac.
790 2004 1022 2074 B.Notkeri,
1048 2006 1140 2062 tituli:
1165 2006 1237 2076 Qui

162 2093 276 2148 timet
296 2090 504 2148 Dominum.

247 2171 336 2235 Thes.
358 2174 394 2234 ΙΙ.
416 2193 444 2250 p.
468 2174 516 2233 54.
539 2173 653 2234 Domin.
682 2180 753 2249 post
780 2175 1004 2236 Ascensionena
1047 2177 1137 2234 Mone
1159 2177 1182 2238 1.
1204 2197 1233 2253 p.

121 2271 140 2296 ¹·
161 2262 233 2322 234.
277 2261 393 2320 Titulus
422 2262 555 2318 nascitur
585 2277 621 2316 ex
648 2259 701 2317 illa
728 2263 1025 2336 voce¹Sequentiae:
1052 2287 1095 2300 —-
1124 2265 1234 2320 mise-

160 2365 252 2405 rans
275 2364 421 2413 corum,
445 2347 510 2422 qui
532 2347 674 2404 timent
694 2349 920 2422 potestatis
942 2347 1072 2422 ipsius
1091 2354 1233 2418 nutum.

247 2619 295 2680 66.
320 2608 445 2694 [laeta
468 2613 580 2677 mente
610 2628 783 2677 canamus
805 2607 883 2676 Deo
912 2612 1047 2676 nostro.
1086 2617 1235 2680 ,Domin.

164 2710 307 2779 quarta
327 2711 420 2779 pust
443 2704 630 2763 Octavam
652 2703 838 2762 Paschae.
874 2703 908 2764 B.
929 2701 1113 2773 Notkcri,
1138 2705 1233 2762 tituli:

163 2788 349 2849 Exultate
372 2791 457 2849 Deo.

246 2875 336 2936 Thes.
356 2875 392 2934 II.
414 2894 443 2950 p.
466 2875 515 2936 56.
537 2876 621 2935 Dom.
649 2880 719 2950 post
742 2874 887 2932 Octavam
914 2869 1060 2934 Paschae.
1102 2871 1192 2933 Mons
1214 2873 1237 2937 l.

159 2977 189 3036 p.
212 2959 282 3058 222.
326 2961 442 3019 Titulus
465 2963 561 3020 variat
584 2961 764 3036 Sequentiae
787 2959 947 3017 exordium.

250 3229 298 3290 66.
323 3221 437 3306 [Deus
459 3223 597 3294 locutus
620 3224 675 3288 eci
695 3222 733 3289 in
754 3221 880 3288 sancio
909 3240 987 3288 auc.
1029 3229 1075 3288 Dc
1096 3227 1235 3288 R'esun

159 3317 343 3376 rectione
365 3318 493 3378 Domini.
537 3318 571 3376 B.
592 3316 758 3389 Not‘keri
780 3309 873 3398 putu]
1211 3347 1213 3350 -

248 3587 297 3648 66.
322 3576 491 3663 [Viryinis
520 3553 666 3647 Mariae
695 3576 823 3644 laudes
853 3575 1011 3642 intonent
1032 3570 1235 3644 Cliti-stiunt.
1264 3595 1269 3599 ·

159 3666 205 3728 De
227 3672 351 3732 Beata
379 3673 541 3749 Virgine
564 3679 698 3748 tempore
720 3670 869 3730 Paschali.

245 3759 334 3820 Thes.
357 3757 408 3819 111.
430 3777 459 3833 p.
485 3757 553 3818 198.
595 3759 685 3816 Mons
707 3757 743 3816 11.
766 3756 836 3816 231.
860 3773 876 3812 6
898 3753 986 3834 codtl
1009 3771 1086 3814 saec.
1101 3751 1179 3814 xm.
1203 3761 1233 3811 ct

161 3843 237 3906 XIV.
280 3843 589 3920 2.qu0dMaria.
634 3843 661 3902 3.
684 3845 720 3900 in
743 3839 1151 3901 Christc'convencre
1174 3841 1234 3897 mi·
1328 3849 1332 3860 “

159 3929 290 3990 raudo.
334 3932 363 3990 4.
386 3949 429 3988 ex
457 3934 503 3988 tc.
547 3930 575 3990 6.
598 3947 641 3988 cx
669 3947 732 3988 me.
776 3927 804 3986 7.
827 3917 1076 3984 s'o'li'Mariae
1098 3927 1234 3986 veraci

158 4043 203 4054 -
224 4017 366 4074 turbae
393 4009 544 4075 fallaciss
588 4016 617 4074 8.
639 4031 682 4072 ex
703 4015 891 4071 Maria-
912 4018 1003 4070 nate
1025 4029 1099 4071 rex.

245 4103 336 4160 Mons
358 4103 378 4160 l.
403 4120 445 4159 c.:
482 4101 538 4158 Dic
562 4099 772 4175 Ostersequenz
800 4099 936 4156 Victimae
952 4097 1088 4173 paschali
1109 4099 1149 4154 ist
1169 4097 1234 4154 hier

158 4205 195 4248 zu
217 4189 300 4258 cicer
321 4187 597 4264 Marienantipicoae
623 4188 682 4259 aus
700 4185 807 4244 Christi
839 4184 948 4241 Geburt
968 4183 1037 4240 oder
1066 4181 1235 4240 Wettnaclt

159 4275 375 4348 uchcrbcitet,
398 4271 499 4331 iedoclt
521 4275 624 4348 eiam
646 4271 708 4338 sicit
730 4271 776 4328 die
797 4269 885 4328 Verso
909 4267 994 4326 6-8
1016 4267 1077 4326 und
1096 4267 1143 4324 dic
1163 4267 1233 4326 Lea·-

159 4367 209 4417 ari
229 4361 260 4416 in
281 4359 388 4418 Daniel
409 4376 446 4418 zu
462 4359 503 4418 22
514 4358 558 4424 (3)
582 4375 639 4416 nur
658 4357 713 4432 fiir
734 4357 781 4414 die
795 4355 1023 4433 Ausersieitunm
1047 4349 1153 4412 ceute
1179 4351 1233 4413 Un·
1304 4390 1309 4400 κ
