2848 5030
145 627 174 688 3.
197 625 273 684 Nam
296 631 365 684 ante
387 625 476 687 huius
498 624 601 686 mundi
623 625 746 689 exordio
764 628 796 686 iu
818 632 904 704 patre
926 627 1060 704 tollebas
1084 627 1201 708 sophia,
1263 693 1265 698 ,

146 713 177 773 le
198 713 256 772 Per
279 729 369 792 quam
391 712 473 772 faeta
495 717 564 770 sunt
587 715 694 784 omnia,
718 729 857 790 quaeque
879 715 994 788 profert
1016 715 1125 792 triplex
1139 733 1201 779 mn·

331 798 428 856 chine.

146 883 176 944 5.
200 881 256 958 Qui
287 899 413 946 cernens
443 883 598 945 immersos
628 900 695 940 esse
724 884 866 942 barathro
896 889 950 944 tua
971 902 1048 962 quos
1075 885 1203 951 adornet

329 971 446 1043 imago,
477 975 601 1043 propter
623 987 678 1026 nos
700 971 799 1030 factus
822 987 855 1028 es
877 969 985 1038 homo,
1008 977 1042 1028 ut
1064 989 1119 1028 nos
1143 971 1202 1030 sol·
1263 971 1265 974 ’

330 1071 417 1112 veres
441 1055 586 1129 sanguine
608 1061 670 1112 tuo.

147 1141 177 1202 6.
199 1139 281 1198 Haeo
303 1137 420 1216 pridem
442 1141 572 1216 signavit
595 1140 650 1198 sub
673 1145 747 1216 typo
768 1140 854 1198 Isaac
877 1143 1010 1216 parentis
1033 1142 1127 1200 nostri
1149 1143 1202 1202 irn-

332 1225 462 1296 molatio,
486 1225 674 1284 maetabatur
696 1227 774 1284 aries
796 1244 852 1300 pro
875 1245 936 1304 quo
960 1226 1087 1290 domino.

148 1309 178 1373 7.
200 1311 252 1380 Te,
276 1310 411 1378 Christe,
446 1327 605 1386 passurum
639 1329 694 1386 pro
725 1311 836 1370 mundo
868 1311 980 1388 Ioseph
1012 1313 1203 1386 praenotavit

331 1393 469 1454 venditus
492 1398 521 1452 in
544 1397 704 1473 Aegypto,
741 1415 821 1456 nune
850 1395 988 1456 daturum
1017 1401 1136 1472 typicos
1159 1399 1202 1456 vi·
1307 1445 1309 1451 2

332 1485 398 1541 ctus
420 1482 542 1557 populo.
1071 1505 1073 1513 ¹

150 1569 179 1628 8.
201 1567 280 1628 Nam
295 1567 397 1627 rueras
413 1569 634 1644 praefiguratus
648 1569 795 1626 infernum
808 1567 968 1638 fracturus,
993 1586 1061 1630 eum
1076 1567 1202 1631 Samson

332 1654 378 1710 vir
406 1654 534 1712 invictus
563 1653 680 1712 leonem
710 1654 868 1732 suffocavit
898 1660 929 1711 et
949 1659 1053 1728 portas
1076 1655 1202 1714 hostiles

333 1737 416 1796 disru
437 1741 468 1798 it.

80 1797 93 1824 ⁸
151 1825 179 1885 9.
201 1823 256 1892 Τιι,
280 1758 464 1892 ἀοωίηο,Ρεε
488 1841 580 1882 suave
601 1825 713 1882 rubens
735 1823 813 1882 illius
835 1824 891 1880 flos
914 1826 1026 1899 virgae,
1050 1841 1141 1900 quam
1159 1825 1204 1881 fu·

334 1909 378 1966 dit
399 1909 482 1968 radin
503 1910 587 1968 Iesse
609 1925 758 1985 generosa
779 1911 920 1984 germine,
944 1927 1004 1985 quo
1027 1916 1097 1968 sunt
1117 1905 1205 1984 piae·

334 1996 434 2054 sensti
456 1995 632 2070 prophetae.

133 2081 182 2142 10.
204 2081 286 2139 Haeo
309 2083 419 2138 nostris
442 2081 815 2155 praenotanturpatribus,
840 2079 1053 2155 oredemptor‚
1077 2092 1133 2142 eeu
1148 2081 1206 2140 suh

333 2168 438 2224 umbra
460 2168 613 2242 primitus,
650 2183 728 2243 quae
759 2183 814 2224 nos
835 2168 935 2224 verius
966 2171 996 2224 te
1018 2171 1204 2226 monstrante

335 2269 492 2312 eernrmus.

133 2340 182 2398 11.
202 2337 249 2396 Tu
272 2345 380 2396 cuneta
401 2339 507 2412 procul
528 2339 616 2416 fugas
638 2339 749 2406 nubila,
772 2345 871 2396 terrae
893 2336 1022 2396 reddens
1045 2339 1089 2396 tui
1103 2337 1206 2396 vultus

153 2415 156 2424 ¹
336 2425 456 2492 lumina,
480 2442 557 2500 quae
580 2429 678 2482 morte
701 2431 753 2484 tua
775 2425 950 2484 fuscabatur
972 2422 1108 2482 tremula.

137 2510 183 2570 12.
205 2509 283 2567 Eeoe
314 2527 391 2566 nuno
421 2511 582 2584 perspicuo
614 2515 724 2568 cuneta
753 2515 896 2567 ornantur
919 2509 1067 2566 elementa
1089 2525 1204 2576 sereno,

337 2597 408 2670 quia
430 2595 535 2653 redisti
558 2597 654 2654 victor
674 2596 825 2655 barathro.

139 2681 185 2740 ts.
206 2679 281 2739 Hine
305 2688 421 2748 etrus,
445 2683 574 2749 esurii,
611 2687 709 2738 mente
733 2679 883 2738 dominum
910 2682 1027 2738 sincera
1049 2685 1080 2738 et
1101 2679 1204 2738 humili

338 2767 425 2823 simul
447 2767 603 2824 laudemus
626 2769 756 2824 carmine
778 2768 847 2824 tali:
870 2777 876 2783 ·

133 2851 185 2912 11.
207 2852 252 2910 Sit
274 2854 352 2927 patri
373 2851 439 2909 laus
463 2871 593 2921 summo,
631 2855 681 2928 qui
710 2853 813 2911 levans
844 2853 998 2910 eriminum
1025 2859 1081 2908 'nos
1111 2865 1206 2908 eosne

338 2937 419 2994 haud
442 2940 577 3013 pepercit
599 2941 720 3013 proprio
742 2943 866 3013 propter
887 2943 1005 2996 nosmet
1026 2937 1095 2996 filio.

138 3023 184 3083 15.
206 3023 287 3081 Laus
310 3041 430 3100 quoque
454 3025 493 3081 sit
514 3029 601 3093 nato,
639 3025 801 3098 pronubis
831 3025 882 3100 qui
904 3024 1001 3081 sactus
1032 3027 1079 3080 est
1104 3022 1205 3088 homo,

338 3115 372 3167 ut
395 3111 515 3172 soluens
535 3129 591 3171 nos
614 3115 727 3173 tortam
750 3109 890 3172 redderet
911 3105 1078 3186 paradiso:
1171 3135 1174 3141 ,

139 3193 185 3255 16.
208 3195 309 3254 Gloria
331 3213 454 3272 compar
475 3197 514 3254 sit
535 3198 688 3272 pneumati
710 3213 784 3255 aevo
808 3197 894 3255 omni.

219 3315 310 3372 Mone
332 3315 355 3383 1,
377 3335 406 3390 p.
434 3315 509 3375 199:
552 3317 604 3374 Hs.
631 3334 667 3374 zu
698 3317 740 3374 St.
770 3316 870 3373 Gallea
898 3315 950 3372 No.
978 3314 1051 3371 380.
1072 3332 1105 3390 p.
1134 3313 1207 3370 264.

137 3403 182 3460 11.
206 3403 305 3460 Jahrb.
334 3405 385 3459 mit
406 3403 541 3460 Nersmen.
592 3403 679 3460 Unter
700 3401 827 3460 Notlrers
848 3403 1027 3476 Sequenzem
1069 3399 1150 3458 Aust
1176 3399 1207 3454 in

42 3551 45 3562 ¹
137 3489 244 3546 diesem
265 3487 353 3546 Mede
392 3490 433 3545 ist
468 3487 520 3544 der
555 3483 715 3562 mruputpe
744 3487 825 3545 Reim
865 3488 1049 3561 reputassem,
1086 3485 1141 3540 tete
1162 3484 1208 3540 set

137 3573 302 3632 Laedentes
326 3573 546 3648 triumphantem
572 3574 714 3632 Christum
737 3571 905 3638 (Nalm),
940 3589 973 3628 es
994 3570 1125 3627 mutnet
1145 3568 1208 3624 siole

137 3661 208 3717 aber
228 3678 283 3716 aas
298 3653 399 3716 ‘duret
420 3661 501 3716 selue
522 3659 715 3733 vollstc‘tndiqe
736 3659 911 3732 Domolopte,
947 3655 1053 3713 melotae
1074 3655 1126 3712 ‘ter'
1151 3654 1208 3710 sol·

138 3743 211 3802 sltem
224 3739 357 3802 'hisdem
377 3745 554 3818 pemttntiots
573 3744 658 3816 fehlt.

574 3907 765 3916 *m-

224 4017 274 4078 12.
299 4005 440 4090 [Grates
469 4007 644 4076 salvatori
665 4027 710 4074 ae
730 4007 805 4092 περὶ
829 4001 970 4076 Christo
993 4003 1081 4072 Deo.
1125 4011 1211 4073 Ferro

140 4109 247 4181 quarta
267 4099 512 4186 Paschatim
534 4103 567 4164 B.
589 4101 772 4168 Notkeri,
796 4099 889 4159 tituli:
917 4099 997 4160 Duo
1020 4089 1123 4169 tres]

166 4225 190 4286 1.
215 4223 321 4282 Grates
345 4224 486 4282 salvatori
508 4241 543 4283 ao
565 4223 630 4297 regi
653 4221 772 4282 christo
795 4221 858 4280 Deo
882 4221 1001 4278 solvent

67 4349 72 4354 -
164 4310 192 4368 2.
216 4309 327 4366 Omnes
348 4309 511 4366 insularum
532 4307 656 4374 incolae,

163 4395 192 4457 3.
215 4393 311 4466 Quem
333 4399 503 4469 spectatum
525 4393 577 4458 diu
598 4393 656 4452 ism
678 4395 791 4452 tenent.
