2788 5024
82 665 179 720 dieser
207 663 278 719 Vere
300 661 361 718 und
381 660 428 718 die
451 661 591 734 Sequens,
614 660 737 716 solvier
758 677 792 714 cr
813 659 978 733 anyetiren
1000 660 1068 724 soll,
1093 660 1152 714 nir-

79 749 173 823 yemis
194 747 391 820 aufzufinden.
435 747 516 802 Auci
546 747 644 802 vverde
666 747 721 800 mir
740 746 800 816 auf
815 747 890 800 mein
913 746 1064 819 Befraycn
1086 745 1152 800 dar·

81 837 153 891 iiber
174 834 222 889 dic
243 834 387 889 Existcnz
410 832 560 888 derselbett
583 833 620 887 im
642 831 730 886 Jatre
752 829 833 886 1835
854 847 890 886 zu
906 831 1017 904 Neapcl
1037 831 1097 885 und
1117 846 1153 885 zu

81 921 220 976 Pozzcoli
242 911 445 974 ausdrt'iclcliclt
468 919 498 973 in
511 919 607 990 Btaqe
620 917 745 990 qestellt.
769 916 824 972 Die
837 915 991 972 Acchtlteit
1004 916 1153 972 derselben

81 1008 121 1062 ist
143 1005 234 1061 daher
255 1005 314 1076 auf
330 1005 406 1060 allen
428 1004 493 1060 Fau
514 1002 722 1060 emmanuet.

167 1124 307 1180 Fortasse
331 1122 456 1196 stropha
478 1121 657 1194 deprompta
679 1117 726 1177 es't
749 1138 784 1176 ex
806 1121 857 1176 illa
880 1121 1050 1194 sequentia,
1074 1137 1152 1194 quae

46 1231 50 1239 ·
82 1208 300 1265 Bettinellio
323 1213 401 1264 teste
426 1207 491 1274 (Del
513 1209 730 1282 resorgimento
754 1203 868 1262 d'Itclie
890 1211 960 1262 tom.
991 1205 1028 1262 II.
1052 1225 1080 1279 p.
1107 1207 1154 1263 18.

23 1285 37 1297 “
82 1292 156 1360 not.)
178 1312 233 1368 per
255 1313 314 1350 non
336 1294 417 1349 nulla
439 1292 528 1350 medii
551 1293 616 1350 aevi
639 1291 761 1350 saecula
790 1287 870 1366 apud
892 1291 1072 1349 Mantuanos
1103 1290 1154 1348 de-

87 1384 208 1442 cantata
230 1380 329 1436 estin
351 1381 494 1436 honorem
516 1376 637 1454 Virgilii.
1113 1380 1119 1389 '

517 1579 719 1588 m

169 1722 241 1781 535.
266 1679 516 1790 [Vencrcndce
537 1713 746 1780 venustatis.
782 1721 827 1778 De
851 1720 879 1779 S.
903 1717 1045 1778 Hilario
1069 1721 1153 1779 carc.
1181 1739 1184 1744 ·

84 1809 174 1868 mes.
197 1808 232 1866 n
255 1826 284 1882 p.
307 1801 388 1878 mn]

518 1922 715 1932 -u———·——

172 2047 241 2106 536.
263 1993 403 2116 v[Stetisti
423 2033 583 2124 Spiritus
608 2038 701 2104 assit
720 2036 822 2102 nobis
848 1993 967 2122 qratia
992 2031 1067 2116 Quo
1094 2028 1155 2120 fe-

88 2124 244 2189 cundata
267 2121 381 2188 Deum
401 2125 541 2210 peperit
567 2123 663 2206 cir-90
693 2119 825 2188 Maria.
870 2129 904 2186 ln
933 2129 1155 2186 visitatione

87 2215 121 2276 Β,
144 2217 177 2278 v.
222 2213 310 2276 mes.
333 2215 368 2276 11.
390 2235 418 2291 p.
446 2211 524 2305 ten]

520 2383 721 2394 ----——--

65 2562 111 2668 -Β
142 2525 242 2678 v537.
267 2515 390 2592 {Decet
409 2514 559 2603 hymnus
582 2506 718 2601 cunctis
732 2515 838 2582 toric.
877 2524 910 2580 In
932 2525 1155 2582 visitatione

113 2731 138 2786 1.
154 2715 248 2786 Decet
264 2729 393 2802 hymnus
410 2731 524 2786 cunctis
539 2728 621 2786 horis
644 2728 671 2787 4.
689 2725 807 2787 Gaudet
830 2731 951 2787 clausus
975 2747 1029 2786 sua
1051 2736 1156 2797 matre,

152 2816 221 2870 festi
243 2832 317 2872 voce
341 2813 480 2872 dulcioris
539 2832 547 2840 ‘
689 2818 780 2872 sentit
801 2817 916 2889 prolem
939 2817 1002 2874 sine
1024 2821 1120 2890 patre,

151 2901 251 2957 facere
273 2901 459 2956 memoriam:
684 2917 795 2976 sgnum
817 2901 864 2958 dei
887 2901 1051 2975 praedicat,

152 3003 207 3042 nec
223 2985 375 3060 indignum
392 2984 446 3042 sed
460 2985 621 3062 benignum
688 2987 743 3043 erit
765 3005 890 3061 magnus
913 2988 1019 3054 infans,
1043 2989 1100 3044 rite

149 3089 234 3140 voce,
258 3071 357 3140 corde,
381 3070 452 3128 dare
476 3074 594 3148 signum
686 3090 788 3146 regem
812 3074 901 3140 coeli,
925 3091 1035 3146 agnum
1057 3075 1137 3132 vitae

152 3157 265 3214 Mariae
287 3159 317 3214 in
337 3158 470 3232 gloriam.
525 3167 527 3171 ’
689 3159 809 3216 clausus
833 3159 941 3232 plausu
963 3159 1082 3220 indicat
1123 3153 1127 3169 ²

647 3278 673 3335 5.
689 3279 800 3352 Nequit
824 3295 913 3334 senex
936 3279 1094 3346 immorari

112 3361 138 3418 2.
154 3360 332 3416 Innovemus
355 3365 453 3416 mente
477 3379 558 3430 sana,
687 3365 767 3436 rapit
787 3381 892 3420 manus
915 3379 1004 3418 manu
1025 3366 1090 3438 pari
1182 3395 1184 3399 Α

153 3451 249 3501 mater
272 3443 353 3520 quod
379 3447 456 3518 petit
482 3453 622 3502 montana
688 3454 719 3503 et
740 3449 825 3503 nimis
850 3449 1000 3504 celeriter:

155 3531 285 3588 salutare
309 3527 477 3604 gravidam:
577 3559 581 3568 =
689 3530 848 3588 Exultabat
870 3531 958 3588 modo
981 3535 1053 3590 miro

154 3613 364 3690 Paranympho
389 3617 539 3684 comitata,
690 3618 889 3691 circumplexa
911 3617 988 3674 hanc
1011 3621 1040 3674 in
1064 3637 1138 3694 gyro

154 3701 252 3760 fuerat
274 3719 333 3777 quo
358 3703 498 3768 salutata,
691 3701 849 3760 salutando
873 3701 1007 3762 dulciter.

155 3805 256 3846 Senem
278 3788 389 3844 mulcet
410 3783 557 3862 pawdam·
649 3825 676 3882 6,
693 3823 809 3881 Clamat
831 3841 922 3881 senex
944 3841 1018 3882 voce
1041 3824 1131 3892 clera,

690 3911 859 3983 amplexata
881 3914 927 3966 tot
948 3911 1105 3984 praeclara

52 4014 64 4044 l
113 3992 140 4049 3.
155 3993 229 4050 Rem
250 3995 374 4050 miratur
397 3993 452 4051 sed
473 3997 629 4050 matrona:¹
689 3997 818 4070 insignis
841 3995 897 4052 deo
921 4011 999 4064 care,

156 4078 263 4148 ‚‚unde‚
285 4081 383 4153 inquit
403 4083 488 4136 tanta
511 4078 589 4138 dona
688 4098 762 4139 voce
784 4080 920 4156 pandens
942 4081 1039 4138 uberi:

155 4163 226 4218 mihi
247 4163 355 4221 dantur
370 4163 470 4232 hodie,
591 4180 595 4186 ’
690 4168 792 4236 „salve
814 4169 892 4223 inter
913 4167 1063 4234 mulieres,

156 4245 194 4302 ad
216 4249 364 4323 mequod
385 4252 501 4310 veniret
532 4250 584 4307 illa
666 4255 877 4326 ¹texrespenit
899 4253 977 4308 coeli
999 4253 1097 4320 heres,

155 4337 251 4390 mater
273 4333 322 4390 dei
345 4339 375 4391 et
397 4335 514 4402 ancilla,
690 4340 834 4405 meruisti,
859 4337 940 4412 quod
962 4337 1080 4395 videres

156 4423 308 4494 sceptrum
336 4425 442 4478 tenens
472 4415 625 4497 gloriaet“
692 4429 777 4480 casta
799 4425 928 4480 fructum
950 4417 1060 4480 uterii“
