2772 5024
714 419 778 490 10·

367 603 464 659 Divini
486 605 616 658 muneris
639 619 758 676 appone
780 601 908 658 serculaz

367 687 407 743 Ut
429 705 506 762 quae
529 689 690 761 repleverit
710 693 741 742 te
765 689 920 760 sapientia,

366 773 438 846 Ipsa
459 791 514 828 nos
537 774 662 846 repleat
676 777 728 828 tua
749 783 812 845 per·
827 771 976 846 dogmata.

367 885 499 948 Joannes
524 881 634 948 ordinis
657 893 785 948 fatorum
808 891 936 958 conscie,

305 976 347 1034 20
367 977 497 1050 Mystico
520 979 647 1034 numinis
671 975 796 1033 edo'ctus
818 977 945 1048 lumine,

368 1063 413 1118 Tu
435 1065 545 1119 nostris
567 1063 707 1136 precibus
729 1063 836 1118 leniter
858 1059 971 1116 adnue:

366 1147 488 1223 thue
512 1149 639 1204 calueris
663 1145 809 1204 candente
831 1142 964 1221 pecto're,

277 1269 280 1274 ‹
367 1233 465 1292 Divini
487 1235 618 1308 percitos
643 1235 750 1305 amoris
773 1233 893 1288 fulmine

367 1316 429 1374 Nos
451 1319 606 1376 beatifices
629 1325 680 1376 tuo
702 1320 872 1394 precamine

303 1437 344 1496 25
367 1435 484 1514 Tuque,
507 1439 696 1498 christicolae
719 1437 824 1496 turbae
846 1435 1038 1512 praesidium,

367 1523 459 1598 Virgo
484 1524 615 1598 deipara,
639 1525 790 1582 coelorum
811 1521 963 1598 gaudium,

368 1609 538 1666 Clementer
560 1612 680 1684 suscipe
703 1611 831 1684 gemitus
854 1608 1038 1682 supplicum:

366 1695 462 1752 Tuum
485 1695 641 1754 clientibus
663 1712 718 1768 per
738 1695 936 1768 patrocinium

297 1822 302 1836 .
346 1814 348 1820 ι
366 1780 414 1849 Ut,
439 1780 509 1836 data
531 1783 617 1840 venia
640 1785 816 1836 cunctorum
838 1781 999 1846 criminum,

268 1880 272 1892 ’
367 1865 523 1923 Condonet
544 1867 622 1922 filius
645 1864 755 1940 gaudia
778 1865 926 1921 coelitum.

476 2053 628 2111 Variation
651 2071 704 2110 zur
725 2054 851 2110 awelten
874 2049 1013 2126 Strophe.

364 2173 464 2240 Petre,
486 2179 521 2229 tu
542 2177 723 2246 praepotens
746 2173 898 2228 coelorum
920 2171 1047 2247 clavigs,

366 2260 471 2334 Agnos
495 2276 562 2338 cum
585 2257 689 2314 ovibus
711 2274 841 2332 pascens
863 2257 1044 2331 perenniter,

365 2344 439 2401 Cum
460 2343 506 2399 bis
530 2360 582 2398 sex
604 2342 733 2400 tribuum
755 2341 869 2400 sederis
892 2341 1012 2411 arbiter,

353 2427 459 2501 vParce
482 2427 648 2503 fragilibus,
671 2427 771 2484 iudica
792 2429 908 2496 leniter,

364 2513 422 2570 Pro
447 2513 685 2580 successoribus,
709 2519 743 2569 ut
765 2514 826 2569 alto
849 2515 964 2571 naviter

363 2595 543 2674 Fungentur*
559 2615 690 2667 munere,
714 2615 839 2674 precare
861 2599 980 2673 iugiter.

296 2737 412 2792 Monuit
436 2735 630 2792 Schlosserus
653 2736 744 2792 haec:
775 2736 836 2791 Der
857 2735 1067 2810 nordfolyeade
1088 2736 1225 2810 Hymnus
1250 2741 1296 2796 ist

211 2825 275 2879 eine
297 2823 445 2879 Variutioa
467 2821 528 2877 aad
547 2822 751 2894 Ermeitcronq
775 2821 825 2876 des
840 2822 987 2893 Hymnus:
1013 2820 1146 2878 ORoma
1170 2825 1294 2904 nobilis,

210 2910 288 2964 orbis
318 2916 348 2962 et
373 2907 494 2962 dominu.
539 2905 594 2962 Dic
616 2914 693 2962 crete
717 2901 841 2980 Stropbc
869 2909 910 2962 ist
936 2925 1000 2962 zum
1027 2905 1109 2962 Theti
1136 2926 1193 2964 aas
1224 2908 1294 2964 dem

209 2995 287 3048 alten
309 2993 441 3064 Hymnus
471 2997 665 3058 calnomum,
696 2991 799 3054 dcccco
827 2993 926 3047 arbeita
955 2988 1016 3046 aad
1044 2991 1133 3048 dritta
1157 2987 1296 3068 Sirdplrc

209 3077 407 3134 unvmbndcrt
435 3075 508 3131 auct
537 3076 584 3130 dic
612 3078 713 3132 circite
741 3077 802 3132 aad
829 3077 917 3132 dritta
948 3077 1073 3150 Strophe
1107 3077 1159 3134 des
1189 3097 1294 3134 neuen
1377 3101 1379 3108 ⁴

93 3149 103 3216 ¹,
208 3163 339 3236 Hymnus
362 3161 465 3218 baldea.
511 3161 565 3216 Dic
587 3163 678 3216 viera
701 3161 761 3217 aad
777 3162 878 3234 jiiafte
901 3161 1027 3235 Stropbc
1048 3163 1117 3220 sind
1136 3181 1195 3218 acu
1220 3163 1294 3220 lein-

207 3249 354 3321 zuycsiipt.
1226 3265 1235 3276 ⁸

293 3331 353 3386 Sed
375 3331 500 3386 maxime
524 3329 683 3386 dolendum
706 3335 761 3398 est,
785 3330 867 3404 quod
889 3331 1085 3388 Schlosserus
1109 3337 1195 3388 tacet
1219 3349 1295 3390 car-

207 3418 291 3472 minis
315 3421 468 3472 auctorem
492 3421 582 3489 atque
605 3421 744 3482 aetatem,
768 3408 885 3473 bmnino
909 3416 1026 3472 silentio
1042 3419 1209 3490 praeteriit,
1235 3419 1299 3474 ubi

206 3503 314 3576 legerit
337 3519 465 3557 carmen.
511 3500 667 3558 Suboritur
690 3501 830 3573 suspicio,
853 3503 1053 3558 recentissimi
1076 3504 1142 3560 aevi
1157 3507 1296 3575 poetam

206 3589 318 3644 vetusti
340 3587 443 3660 hymni
465 3586 664 3659 paraphrasin
688 3584 864 3640 Schlossero
888 3584 1103 3654 demandasse,
1128 3589 1181 3662 qui
1208 3605 1294 3656 eam,

206 3677 312 3745 utpote
335 3671 470 3746 pulcram
493 3676 524 3727 et
547 3676 657 3743 aptam,
680 3669 754 3724 libro
780 3687 833 3726 suo
855 3671 987 3726 inseruit.

291 3755 379 3825 Quod
401 3757 581 3812 Niebuhrius
606 3753 643 3810 de
659 3759 759 3810 aetate
776 3756 912 3812 carminis
930 3753 1094 3829 disputavit
1117 3755 1294 3832 (adnuente

202 3841 353 3900 ¹Trenchio
369 3841 575 3896 Introduction
597 3857 626 3914 p.
648 3837 697 3906 13)
719 3837 749 3894 id
771 3841 888 3898 minime
912 3843 984 3896 satis
1008 3843 1108 3898 faeere
1131 3846 1296 3901 neminem

204 3928 288 3999 sugit.
333 3926 460 3982 Fabricii
481 3927 660 3981 auctoritate
683 3925 777 3980 fretus
801 3942 903 3982 omnes
925 3924 1071 3998 hymnos,
1095 3927 1209 4002 quibus
1233 3931 1295 3987 ille

203 4011 355 4068 Ambrosii
378 4013 426 4068 vel
440 4011 544 4066 Hilarii
567 4027 676 4064 nomen
698 4007 866 4082 adscripsit,
892 4025 958 4066 cum
978 4029 1049 4068 vere
1066 4006 1102 4066 ab
1118 4012 1294 4072 Ambrosio

203 4102 234 4151 et
256 4097 367 4152 Hilario
392 4097 545 4152 confectos
569 4097 708 4168 opinatus
732 4095 779 4162 sit,
803 4095 866 4150 lieri
888 4113 947 4151 non
968 4097 1068 4170 potuit
1083 4096 1156 4172 quin
1172 4099 1295 4158 falsam

203 4185 233 4236 et
255 4198 427 4254 perversam
458 4181 627 4254 opinionem
654 4179 803 4235 imbiberit
832 4178 869 4236 de
890 4183 1090 4238 vetustiorum
1119 4188 1295 4256 poetarum

202 4266 437 4322 Christianorum
460 4265 573 4341 metris.
619 4263 759 4320 Ostendit
774 4265 921 4322 vocalium
936 4273 1102 4324 concentus
1118 4269 1150 4323 in
1166 4269 1293 4342 hymno

201 4349 427 4426 diligentissime
460 4354 597 4406 servatus
626 4349 742 4407 sacculi
772 4350 890 4426 septimi
921 4351 969 4408 vel
993 4355 1092 4411 octavi
1115 4369 1188 4410 esse
1210 4373 1295 4433 pro-
