2836 5024
834 511 841 530 t

751 534 758 548 n

220 599 268 658 18.
290 598 330 656 Ut
352 597 455 654 Sanmi
477 612 567 670 prece
591 597 637 652 sui
659 601 778 652 nostras
801 596 941 670 purificet
963 596 1086 661 animas,

221 683 268 742 19.
294 684 456 756 Sanctique
480 681 608 756 Spiritus
630 682 748 756 repleat
770 683 879 756 gratia,

218 767 266 828 20.
290 768 367 838 Quo,
391 768 538 842 spirituali
561 765 661 824 edocti
684 767 808 835 cithara,
843 797 849 808 ·

217 857 268 914 21.
290 855 485 911 Diatessaron
506 852 596 909 beata
620 853 791 928 diapentica
815 869 906 910 sensu
928 855 1018 908 nacta
1034 850 1178 925 diapason
1199 852 1301 910 citha-

367 940 494 994 rizemus
517 955 597 1005 vera,
1319 988 1322 996 ,

222 1023 273 1084 22.
299 1024 337 1081 Et
358 1023 531 1080 harmoniae
569 1021 710 1080 coelestis
749 1021 883 1080 cordium
925 1021 1035 1080 fidibus
1071 1023 1299 1098 proportionati

370 1109 475 1165 summi
498 1109 579 1184 regis
606 1107 820 1165 coniubilemus
843 1109 873 1164 in
895 1107 972 1166 auls.

218 1195 266 1254 23.
291 1193 316 1251 Ο
340 1200 444 1252 sancte
467 1199 578 1262 nostra,
602 1195 648 1262 N,
673 1193 778 1250 exaudi
800 1195 982 1268 precamina,

156 1325 158 1336 ,
218 1280 267 1339 24.
291 1279 336 1336 Ac
360 1297 474 1336 summo
497 1279 581 1336 Patri
603 1285 799 1354 repraesenta
820 1297 876 1354 per
900 1279 1054 1336 Christum
1075 1278 1245 1352 impetrata.

219 1365 270 1424 25.
295 1365 375 1422 Laus
399 1367 428 1421 in
452 1369 481 1420 te
505 1367 543 1422 sit
564 1365 638 1433 Deo,
662 1364 776 1439 tibique
798 1366 829 1421 in
852 1382 886 1422 eo
910 1363 1014 1439 gloria.

307 1485 354 1542 18.
377 1483 442 1540 Lib.
468 1486 589 1540 sancti
611 1485 763 1542 meritis.
807 1484 930 1542 Nostius
952 1500 1067 1558 prece
1089 1487 1123 1540 ut
1143 1485 1240 1540 metro
1266 1487 1299 1539 et

218 1569 478 1637 homoeoteleuto,
502 1569 576 1626 alias
601 1571 712 1646 optime
735 1587 769 1626 se
791 1569 982 1638 habentibus,
1007 1569 1203 1628 satisfaceret.
1242 1567 1298 1626 21.

218 1655 326 1711 Neale:
350 1655 437 1711 Hunc
459 1674 573 1714 versum
593 1657 694 1728 fateor
722 1675 767 1712 me
795 1658 910 1712 minime
939 1657 1112 1730 inteltiqere.
1156 1654 1220 1710 Non
1244 1654 1300 1710 du·

165 1787 166 1792 ,
219 1742 277 1797 bito
302 1749 395 1796 tamen
417 1743 487 1814 quin
510 1747 575 1797 orte
596 1743 728 1798 musicali
750 1743 871 1814 mystice
893 1747 1002 1804 utatur,
1026 1749 1060 1796 at
1073 1757 1243 1798 consensum
1269 1746 1301 1796 et
1407 1797 1408 1802 .

212 1825 527 1902 proportionem'quoe
550 1829 626 1882 inter
647 1827 796 1884 Ecclesiae
820 1827 1045 1904 triumphantem
1074 1833 1105 1882 et
1124 1827 1299 1882 militantem

220 1913 309 1968 locum
339 1912 432 1978 habet,
464 1905 628 1986 deprimat«
666 1913 725 1968 Neo
754 1914 832 1967 inter
868 1931 901 1968 se
931 1911 1156 1986 correspondent
1183 1927 1299 1967 verm.
1406 1901 1408 1924 ¹

218 1998 354 2056 Forsitan
390 1997 486 2054 cordis
518 2016 576 2072 pro
605 1997 733 2054 cordium
756 1998 908 2071 tenendam
938 2005 999 2065 ert,
1030 2004 1062 2052 et
1088 1997 1190 2055 summi
1212 1998 1300 2052 mnit-

219 2083 342 2138 tendum.

303 2267 374 2328 691.
399 2253 537 2336 [Sancti
558 2261 640 2326 uisu
664 2257 867 2327 columbino.
896 2269 948 2326 ·De
971 2233 1107 2338 Quarum
1126 2267 1301 2326 Ductori·
1407 2325 1409 2338 ,

217 2352 295 2410 bus.
318 2353 436 2428 Nesla
460 2353 528 2429 Seq.
552 2373 580 2428 p.
604 2353 1026 2420 217sMissaiiLe0diensi
1052 2347 1152 2424 1513]
1194 2365 1206 2375 '

221 2474 356 2530 i.Sancti
378 2475 445 2532 visu
469 2473 636 2530 columbino
759 2475 788 2534 4.
796 2473 836 2531 Ut
858 2473 961 2530 Helias
983 2473 1057 2530 nulli
1078 2488 1216 2547 parcens,

258 2557 297 2616 Et
319 2576 447 2615 ascensu
471 2559 600 2634 aquilino
797 2559 1302 2634 Vir,Ambrosi‚magnosarcens
1370 2605 1372 2608 -

302 2643 354 2712 Te,
379 2643 506 2712 Christe,
530 2645 579 2700 lux
603 2643 729 2712 adeunt3
842 2643 997 2703 Obviando
1019 2645 1139 2711 crimini,

258 2729 298 2786 Hi
319 2729 483 2803 prudentes
507 2736 576 2786 sunt
599 2732 734 2804 aurigae:
799 2730 900 2787 Infans
924 2735 1060 2787 sanctum
1082 2735 1113 2786 te
1135 2734 1284 2786 testatur:

260 2815 371 2872 Currus
394 2816 449 2871 Dei
473 2819 504 2872 st
526 2813 691 2890 quadrigae
766 2812 772 2818 “
798 2815 1059 2874 Idemmonstrans
1068 2814 1137 2874 dura
1146 2815 1300 2874 clamatur
1408 2803 1410 2870 Ξ

301 2899 424 2960 Plebem
445 2900 555 2956 Christi
579 2901 755 2960 subvehunt.
842 2901 1262 2976 Torquenshostes.1umini.

216 3019 244 3079 2.
255 3019 366 3095 Magne
389 3025 477 3094 pater
498 3020 725 3094 Angustiae,
756 3019 927 3094 bCuipans
951 3019 1054 3094 cuipas
1078 3019 1148 3076 dum
1169 3019 1299 3094 fugaris,

259 3105 351 3180 Legis
376 3110 493 3160 amator
515 3104 641 3173 divinae,
800 3107 896 3163 Antra
918 3109 997 3180 petis
1020 3121 1075 3162 nec
1098 3103 1226 3162 turbaris

299 3191 364 3246 Lux
387 3191 505 3264 fulgens
528 3191 692 3259 Ecclesiae,
841 3189 954 3248 Doctor
975 3191 1215 3265 Hieronyme;

256 3277 357 3350 Fugas
379 3275 485 3331 hostes
509 3294 584 3350 quos
615 3281 645 3332 et
666 3277 752 3334 seris:
798 3277 925 3334 Carnem
948 3277 1051 3334 domas
1073 3275 1246 3342 ieiunando;
1300 3325 1304 3332 .

255 3361 381 3418 Mittens
405 3362 465 3417 tela
488 3379 543 3434 per
565 3379 643 3436 quae
666 3363 753 3431 teris,
800 3363 910 3419 Studes
932 3363 1032 3438 legem
1055 3359 1246 3428 declarando,

300 3447 441 3504 inimicos
463 3447 587 3522 gratiae.
797 3499 800 3506 ,
841 3447 1043 3522 interpretum
1066 3448 1200 3522 manime.

214 3567 332 3626 3.Arca
354 3568 442 3642 legis,
466 3584 519 3624 vas
542 3568 696 3642 pigmenti,
757 3569 784 3628 6.
793 3567 832 3626 Hi
854 3567 995 3627 lucernae
1018 3566 1057 3626 ad
1078 3565 1247 3634 lucendum,

257 3653 368 3710 Contra
391 3653 511 3709 morbos
534 3669 588 3710 vas
604 3653 749 3728 unguenti
791 3653 893 3710 Nubes
909 3656 960 3712 isti
982 3653 1021 3710 ad
1042 3650 1228 3712 tundendum

298 3739 473 3813 Gre'gori,
497 3756 531 3796 os
555 3754 687 3806 aureum,
837 3739 923 3796 Nunc
938 3757 1039 3798 rorem
1054 3755 1132 3796 nunc
1147 3737 1297 3812 pluviam:

254 3825 365 3881 Botrus
382 3825 474 3910 Cypri
496 3841 605 3900 gerens
628 3842 751 3892 merum,
797 3824 846 3882 Sic
868 3841 923 3900 per
944 3823 1034 3882 fidem
1044 3842 1099 3880 nos
1115 3821 1297 3900 perducant,

255 3909 321 3979 Quo
344 3909 487 3983 gaudium
509 3911 616 3966 mentis
638 3905 751 3978 verum,
795 3911 857 3968 Nos
880 3909 1063 3986 praecedant
1093 3915 1123 3968 et
1151 3908 1301 3966 inducant

302 3994 344 4052 Os
368 3994 537 4052 diffundens
561 3996 667 4056 oleum.
843 3996 877 4052 In
899 3995 1019 4057 beatam
1040 3995 1180 4054 Patriam.
