2732 5026
697 427 794 504 ,loe

229 625 311 664 mus.
354 595 383 665 5.
407 607 441 664 Ν.
465 613 512 664 ut.
549 608 578 667 6.
601 608 637 666 N.
660 609 786 666 horum
809 621 960 682 semper.
995 609 1024 667 8.
1047 609 1083 666 N.
1108 609 1295 672 coelestio.

232 694 279 750 11.
306 694 352 751 12.
374 693 409 748 N.
442 693 549 750 nobis
582 712 649 750 non
682 693 726 750 sd
758 712 780 752 s.
812 699 1049 768 procurrant,
1088 693 1152 752 s'ed
1181 695 1226 752 od
1252 713 1296 770 pr.

228 777 268 834 M.
292 777 398 836 nobis
420 796 488 836 non
510 784 549 836 ut
571 779 759 856 supplicio
780 781 1000 854 provenient
1027 785 1066 836 ut
1086 783 1260 855 proemio.
1358 843 1360 872 r

680 943 865 953 m.

461 1059 529 1136 His
552 1065 607 1127 ert
626 1079 734 1128 cerus
758 1057 981 1128 christicola.
998 1097 1006 1103 ·
1024 1059 1069 1128 Κ.
1180 1119 1187 1128 .

484 1159 567 1245 Thes.
580 1160 601 1214 I.
615 1177 641 1229 p.
656 1162 713 1216 3⁰3.
732 1161 776 1214 De
794 1177 849 1215 uno
869 1161 1046 1216 Confessore.

292 1273 348 1330 Hic
371 1277 418 1328 est
440 1289 529 1332 verus
553 1274 734 1344 christicole,
829 1275 925 1332 Huius
948 1293 965 1331 o
990 1273 1109 1332 Christe
1129 1276 1248 1332 meritis
1359 1287 1360 1344 ζ

293 1357 499 1432 apostolorum
521 1359 648 1430 sssecio,
769 1361 807 1420 10
830 1363 941 1420 nostris
965 1359 1071 1418 adesto
1092 1361 1247 1435 precibus.
1358 1351 1360 1386 ³

293 1447 378 1502 cuius
400 1449 496 1503 meter
518 1446 647 1502 ecclesie
742 1465 755 1485 ⁵
829 1465 889 1522 quo
911 1446 965 1504 tibi
987 1445 1109 1504 laudum
1132 1446 1236 1504 debita
1279 1491 1281 1510 ,

294 1547 381 1586 sacra
401 1533 512 1604 promit
534 1532 697 1588 sollemnia.
830 1531 999 1590 deferamus
1022 1532 1181 1608 obsequis:
1358 1521 1360 1600 1

178 1669 183 1676 ·
251 1649 269 1708 5
293 1647 366 1720 Quis
389 1649 440 1706 ille
463 1650 532 1706 felix
553 1650 665 1725 gaudie
830 1651 905 1707 Tibi·
918 1651 1062 1726 Patrique
1084 1651 1181 1728 gioria

293 1753 385 1794 ovans
410 1734 584 1792 conscendit
606 1735 700 1793 ardue
804 1779 805 1784 1
829 1751 897 1793 cum
920 1743 1024 1794 sancto
1048 1739 1087 1792 sit
1110 1736 1274 1810 spiramine

294 1821 507 1896 coeiiginerum
530 1822 627 1894 epuiis
767 1821 804 1880 15
828 1823 858 1878 in
882 1840 997 1879 summa
1020 1823 1096 1878 coeli
1120 1824 1204 1880 cum'a

292 1907 436 1964 fruiturus
458 1905 648 1980 perennibus.
828 1925 906 1964 nune
929 1913 960 1966 et
975 1926 1030 1984 per
1046 1913 1154 1966 cuncta
1170 1908 1294 1968 saeculo.

256 2065 258 2076 ·
312 2026 475 2084 MoneIII.
501 2026 569 2086 158.
606 2010 662 2084 Hs.
683 2045 720 2083 nu
743 2025 838 2084 Groez
868 2026 1121 2102 des14.Juhrh.
1167 2028 1196 2086 8.
1221 2044 1294 2086 coe

228 2113 411 2170 testibus.
442 2113 470 2170 9.
494 2114 614 2170 cuius.
648 2113 696 2173 12.
720 2113 838 2188 digne
861 2113 1003 2171 demus.

395 2387 536 2462 Christe
559 2394 732 2469 coelorum
754 2394 931 2462 habitator
953 2394 1051 2462 alme.
1095 2393 1140 2462 Κ.

370 2549 374 2556 ,
433 2496 516 2581 Thes.
529 2495 551 2550 I.
564 2509 591 2564 p.
603 2497 661 2551 263.
697 2495 741 2548 De
750 2495 937 2550 Dedicotione
951 2495 1096 2550 ecclesiae.

436 2609 555 2666 Christe
579 2609 731 2666 coelorum
752 2609 903 2668 habitator
926 2611 1012 2678 elme,

276 2763 282 2772 .
352 2763 356 2774 Ι
415 2695 507 2752 ¹haec
531 2693 636 2751 domus
659 2695 755 2770 fulget
778 2695 833 2752 sub
855 2696 969 2752 honore
993 2696 1086 2764 cuius,

378 2856 379 2860 Ἰ
431 2781 562 2838 hostiam
584 2781 714 2838 clemens
737 2781 790 2837 tibi
813 2799 903 2858 quam
923 2781 1053 2850 litamus,

535 2868 655 2942 suscipe
678 2865 785 2924 laudis.

391 2986 410 3044 5
434 2985 572 3043 Omnium
595 3003 713 3061 semper
735 2985 844 3044 chorus
866 2985 1041 3062 angelorum
1149 2994 1150 2998 ’

433 3074 463 3128 in
484 3072 554 3146 polo
577 3077 670 3129 temet
691 3069 841 3130 benedicit
863 3073 924 3128 alto

402 3195 410 3200 «
433 3161 524 3234 atque
546 3162 577 3214 te
600 3159 696 3216 sancti
719 3159 808 3216 simui
828 3159 959 3216 universi

535 3242 639 3300 sedulo
661 3240 793 3300 laudant.

432 3361 621 3438 Quaesumus
644 3381 771 3438 quorum
792 3362 932 3437 precibus
956 3363 1083 3419 socratis

374 3449 412 3507 10
432 3467 487 3505 nos
510 3451 539 3505 in
561 3449 620 3504 hoc
643 3450 754 3524 templo
777 3449 830 3506 tibi
853 3447 991 3506 dedicato

432 3551 609 3592 cernuerum
630 3539 701 3592 rota
722 3551 846 3607 precum
869 3539 1012 3592 canentes

533 3637 622 3676 cerne
644 3619 801 3695 benignus.

434 3737 562 3815 Virginis
586 3743 709 3796 sanetae
732 3741 846 3797 meritis
868 3741 1005 3798 Mariae*

433 3830 524 3900 atque
548 3829 724 3894 cunctorum
744 3827 857 3900 puriter
878 3829 995 3901 piorum

373 3910 410 3970 15
432 3912 551 3968 contine
572 3927 701 3986 poenam
723 3913 896 3986 pie‚=quem
917 3926 1074 3978 meremur,

534 3995 632 4072 daque
654 3995 809 4054 medelam.

415 4115 482 4174 ‘Sic
506 4121 587 4172 tuem
609 4122 733 4190 praesto
756 4115 908 4173 celebrere
931 4116 1052 4174 leudem

431 4201 561 4258 flebilem
582 4203 674 4260 vitam
695 4203 854 4259 miseratus
877 4205 975 4271 istam,

215 4341 216 4344 ,
432 4287 485 4342 fiet
506 4292 540 4343 ut
562 4285 647 4343 nobis
669 4288 783 4344 licitum
803 4287 905 4348 videre

275 4375 278 4381 “
369 4371 410 4432 20
532 4376 562 4430 te
587 4373 649 4429 sine
671 4373 740 4430 fine.
