2822 5026
664 469 792 542 ll

568 645 773 722 Saeculum
799 645 967 720 Sextum.

281 781 411 870 Hymni
434 783 494 867 proi
516 781 864 852 commemorantur
853 775 1048 864 collecata
1068 775 1256 850 Aureliani

469 863 695 932 Arelatensis
723 864 896 952 Episcopi
923 867 957 942 (ι
979 863 1063 942 555).

369 967 412 1034 (L.
431 966 595 1020 Holstcuius
614 965 709 1020 Codex
727 964 900 1061 Regularum
917 963 952 1016 Π.
971 981 1001 1032 p.
1016 965 1163 1029 tra-114.)

316 1107 359 1119 -
381 1107 422 1118 -·-
446 1077 588 1136 Ordinem
612 1081 702 1135 etiam
724 1095 784 1152 quo
807 1077 938 1150 psallere
963 1075 1112 1145 debeatis,
1136 1077 1166 1132 in
1188 1077 1245 1132 hoc
1270 1076 1302 1131 li·

233 1167 311 1222 bello
335 1165 532 1222 iudicavimus
554 1163 753 1220 inserendum.

317 1250 351 1308 ln
384 1253 479 1325 primo
511 1249 559 1306 die
593 1249 730 1306 Paschae
759 1247 801 1306 ad
834 1250 902 1305 tert
894 1265 953 1304 ram
985 1255 1031 1304 ter
1053 1247 1145 1320 Kyrie
1182 1247 1303 1312 eleison,

232 1337 340 1411 psalmi
363 1334 533 1392 duodecim:
570 1335 684 1402 idest,
722 1341 852 1408 quatuor
873 1335 982 1390 fratres
1008 1333 1095 1388 binos
1118 1333 1252 1406 psalmos
1275 1337 1304 1388 ct

233 1423 447 1478 alleluiaticum
474 1422 595 1477 tertium
619 1419 728 1476 dicant.
757 1417 901 1494 perdictis
929 1419 1053 1492 psalmis
1075 1417 1169 1492 Kyrie
1192 1419 1303 1475 eleison

234 1513 265 1564 et
287 1523 323 1564 an
327 1507 466 1581 tiphonas
492 1523 552 1574 sex,
575 1506 645 1562 lect·
625 1511 721 1562 tiones
744 1510 819 1560 tres:
858 1522 917 1560 una
941 1503 978 1560 de
1002 1509 1051 1559 act
1039 1503 1120 1559 tibus
1144 1504 1243 1577 Apost
1231 1504 1304 1560 tolo-

235 1611 309 1665 rum‚
333 1594 392 1648 alia
416 1591 453 1649 de
477 1591 672 1666 Apocalypsi,
697 1597 742 1646 er
744 1589 846 1646 ratde
869 1590 1033 1665 Evangelio
1054 1589 1200 1670 hymnus:
1236 1589 1303 1646 Iam
1352 1616 1356 1619 ·

188 1743 190 1754 Ι
234 1679 355 1752 surgit
376 1678 465 1734 hora
492 1679 618 1745 tertia,
657 1681 688 1733 et
711 1675 896 1750 capitellum;
936 1674 1042 1732 deinde
1065 1674 1159 1748 Kyrie
1182 1675 1302 1732 cleison.

233 1763 311 1820 Sic'
304 1781 333 1820 ιιι
357 1765 435 1820 omni
458 1780 549 1838 opere
571 1764 626 1819 Dei
648 1763 737 1819 tertia
759 1763 824 1819 vice
847 1761 938 1834 Kyrie
961 1762 1074 1818 eleison
1098 1759 1199 1829 dicite,
1224 1765 1304 1817 ante-

234 1865 324 1923 quam
350 1851 513 1923 incipiatis:
551 1855 581 1904 ct
607 1849 731 1922 psalmis
759 1845 905 1920 perdictis
933 1852 964 1902 et
987 1846 1130 1920 capitello
1158 1845 1303 1922 perdicto.

234 1933 282 1990 Ad
305 1939 419 1991 sextam
441 1934 519 1990 idem
542 1951 682 1990 numerus
706 1933 902 2007 psalmorum,
932 1933 1095 2006 antiphona
1118 1949 1193 2000 una,
1220 1932 1305 2006 hym·

139 2083 143 2090 ,
233 2037 303 2092 nus:
342 2021 412 2077 Iam
445 2025 548 2077 sexta
577 2021 710 2076 sensim
726 2019 910 2084 ·volvitur,
948 2017 1038 2074 lectio
1066 2017 1239 2092 Evangelii,
1275 2023 1305 2072 et

234 2107 415 2179 capitellum.
461 2103 509 2160 Ad
536 2122 643 2160 nonam
671 2107 736 2178 ipse
765 2103 837 2160 ordo
866 2109 1016 2159 teneatur:
1054 2104 1199 2176 hymnus:
1239 2103 1305 2158 Ter

232 2192 322 2247 hora
352 2193 445 2246 trina
471 2190 640 2247 volvitur.
687 2189 734 2244 Ad
760 2189 959 2245 lucernarium
983 2187 1175 2245 directaneus
1199 2206 1305 2262 parvu-

232 2277 293 2342 lus;
328 2276 359 2332 id
391 2279 450 2331 est:
488 2275 594 2349 Regna
626 2279 724 2330 terrae
757 2279 875 2329 cantate
904 2275 981 2340 Deo,
1019 2273 1140 2348 psallite
1170 2275 1303 2330 Domino.

233 2363 300 2417 Alia
323 2361 383 2418 dic:
422 2359 557 2416 Laudatc
580 2361 665 2434 pueri
687 2361 852 2415 Dominum
882 2360 1046 2433 antiphona
1069 2361 1136 2427 tria,
1161 2360 1303 2434 hymnus:

233 2448 298 2504 Hic
327 2452 382 2504 est
370 2445 486 2504 tdies
515 2463 623 2504 verus
651 2445 728 2512 Dei,
768 2452 798 2502 et
826 2445 1010 2520 capit3ellum
1048 2463 1139 2520 quem
1162 2447 1305 2520 hymnum

232 2525 296 2588 toto
319 2532 435 2606 pascha
455 2529 494 2586 ad
517 2536 597 2588 matu
579 2532 731 2588 ritinoset
719 2529 792 2586 tad
815 2531 1013 2594 lucernarrum
1030 2529 1129 2587 d1c1
1170 2531 1219 2588 Ad
1236 2530 1306 2587 duo

233 2617 407 2674 decimam
400 2617 533 2691 inprimis
557 2615 747 2673 directaneus
774 2617 930 2690 parvulus:
978 2615 1028 2672 Sol
1052 2619 1198 2691 cognovit
1221 2632 1306 2673 occa-

234 2721 298 2760 sum
322 2721 415 2760 suum.
463 2703 519 2760 Sex
542 2702 649 2772 fratres
673 2702 758 2758 binos
782 2702 913 2775 psalmos
938 2719 1004 2757 cum
1028 2703 1089 2758 suis
1114 2703 1306 2760 alleluiaticis

233 2787 348 2856 dicant,
385 2789 548 2864 antiph‘ona
571 2790 640 2854 tria,
675 2789 820 2844 lectiones
845 2786 933 2853 duas,
971 2803 1059 2842 unam
1083 2785 1121 2842 de
1145 2787 1306 2862 Apostolo,

232 2875 321 2932 aliam
349 2874 385 2930 de
408 2874 581 2949 Evangelio.
627 2871 675 2928 Ad
701 2878 863 2929 nocturnos
893 2871 1057 2928 Paschales
1085 2873 1153 2946 ipso
1183 2891 1306 2930 numero
1352 2919 1355 2924 .

233 2961 330 3017 omnia
354 2959 456 3025 dicite,
485 2961 563 3015 sicut
585 2959 613 3014 ih
638 2957 814 3014 duodecima
837 2957 1067 3033 designavimus.
1115 2959 1165 3014 Ad
1188 2960 1307 3016 matuti-

234 3065 288 3102 nos
311 3045 445 3119 inprimis
474 3043 570 3100 direct
558 3049 691 3100 taneum:
728 3043 931 3100 Exaltabote
958 3043 1038 3100 Deus
1065 3061 1151 3100 meus
1185 3049 1216 3101 et
1204 3043 1312 3102 tRex

233 3149 325 3188 meus
370 3127 456 3186 Inde:
491 3128 594 3186 Indica
617 3147 663 3184 me
686 3129 779 3195 Deus;
820 3133 861 3185 et:
838 3129 975 3185 tDeus
997 3127 1079 3184 Deus
1103 3147 1191 3186 meus
1215 3129 1255 3186 ad
1278 3136 1307 3186 te

234 3215 271 3274 dc
292 3218 362 3273 luce
388 3216 495 3290 vigilo,
525 3233 591 3271 cum
619 3213 747 3270 alleluia.
793 3213 919 3270 Deinde:
958 3215 1146 3272 Confitemini
1169 3217 1306 3281 Domino,

233 3319 300 3360 cum
324 3301 452 3358 alleluia.
476 3299 557 3357 inde:
582 3301 743 3356 Cantemus
767 3299 905 3366 Domino,
930 3305 961 3355 et
983 3301 1081 3373 ipsum
1105 3301 1158 3358 sie.
1184 3307 1306 3376 postea:

217 3387 337 3461 'Lauda
373 3387 470 3442 anima
501 3403 567 3442 mea
594 3379 758 3442 Dominum.
804 3384 938 3441 Laudato
972 3385 1129 3442 Dominum
1165 3389 1307 3462 quoniam

231 3474 327 3530 bonus
352 3478 398 3529 est
421 3472 563 3546 psalmus.
609 3469 713 3526 Lauda
740 3470 907 3528 Jerusalem
936 3471 1100 3527 Dominum.
1131 3477 1217 3530 totos
1243 3478 1307 3529 tres

233 3577 299 3616 cum
322 3559 450 3623 alleluia,
475 3557 582 3614 demde
598 3555 744 3612 benedrc
725 3561 765 3612 10
782 3555 978 3613 dicendacs
1024 3555 1098 3613 Post
1086 3557 1308 3616 benedicio

231 3661 311 3702 uem:
334 3642 452 3700 Laudat
440 3648 470 3700 tc
486 3643 641 3700 Dominum
666 3642 702 3698 de
723 3642 823 3698 caelis
856 3643 981 3699 Caritate
1004 3643 1129 3698 Domino
1155 3646 1308 3700 canticum

232 3747 350 3788 uorum.
369 3727 508 3785 laudate
518 3727 694 3786 Dominum
688 3747 716 3783 ιιι
733 3729 844 3784 sanctis
862 3730 940 3784 eius:
957 3745 1024 3783 cum
1035 3729 1166 3785 alleluia.
1187 3729 1306 3803 Magni·

216 3803 289 3873 'tica
305 3816 403 3872 anima
417 3831 484 3872 mea
497 3813 662 3880 Dominum,
680 3818 732 3868 aut
749 3831 815 3869 cum
831 3813 1002 3888 antiphona,
1020 3819 1072 3870 aut
1088 3832 1157 3870 cum
1174 3815 1315 3871 alleluia.

232 3901 386 3976 hymnum:
412 3899 513 3958 Gloria
534 3899 562 3955 in
584 3899 709 3956 excelsis
725 3899 797 3967 Deo,
822 3905 853 3956 ct
875 3899 1053 3972 capitellum.
1091 3899 1130 3954 Et
1155 3901 1307 3974 complete

232 3987 393 4043 matutinos
408 3986 475 4058 ipso
491 3983 593 4040 ordine
610 3989 672 4040 toto
689 3983 815 4040 Pascha.
862 3986 910 4041 Sic
926 3985 1003 4040 omni
1021 3984 1067 4040 die
1084 3985 1253 4054 Dominico,
1278 3989 1308 4040 et

232 4071 367 4128 omnibus
389 4069 549 4126 maioribus
573 4069 799 4136 festivitatibus,
824 4072 852 4126 in
877 4071 983 4144 quihus
1007 4069 1043 4125 ab
1068 4087 1161 4144 opere
1186 4071 1308 4128 vacabi-

232 4159 280 4214 tis
326 4155 406 4225 Quo
394 4154 512 4212 idianis
541 4172 611 4211 vero
641 4154 745 4211 diebus
773 4155 810 4210 ad
834 4161 994 4211 nocturnos
1017 4157 1151 4229 inprimis
1177 4155 1276 4212 direct
1278 4155 1308 4211 'a-

232 4260 306 4299 ncus
330 4241 409 4298 dicat
398 4246 459 4297 t:ur
491 4239 635 4297 Miserere
658 4241 715 4296 mei
737 4241 818 4297 Deus
841 4240 1004 4296 secundum
1026 4238 1168 4314 magnam
1192 4241 1308 4300 miseri·

232 4325 407 4384 cordiamt
395 4330 487 4382 tuam:
527 4325 633 4382 deinde
644 4327 774 4400 psalmi
806 4323 972 4382 dccemt
943 4331 972 4382 et
1004 4331 1080 4382 octo
1128 4325 1307 4402 Antiphone

232 4414 287 4476 tria
315 4389 473 4488 parvula,
492 4413 636 4469 lectiones
660 4411 756 4484 Apost
745 4412 797 4467 toli
821 4416 872 4467 aut
895 4411 1112 4485 Prophetarum
1145 4411 1240 4482 duae,
1278 4415 1308 4468 et
