2836 5024
227 1151 384 1270 trauains
405 1200 609 1283 lirnucrun,
634 1156 875 1286 sequentiarum
903 1161 1102 1288 etiamnunc
1124 1155 1313 1288 cuminum
1403 1187 1404 1212 ¹

229 1303 309 1390 quui
331 1299 514 1389 vulgatiora
535 1304 627 1384 runt,
659 1300 824 1386 praecipua
859 1317 967 1372 curun
997 1319 1078 1389 unua
1099 1301 1251 1372 taalenu
1273 1300 1313 1370 in

542 1417 636 1472 usum
658 1419 752 1474 suun
775 1402 931 1474 convertit
944 1404 983 1484 *).

700 1575 800 1586 ›uu-...-

298 1708 414 1760 Numeri
433 1709 535 1776 quibus
552 1707 636 1760 litera
654 1709 729 1762 haud
747 1709 878 1776 apposita
901 1712 957 1770 est,
988 1677 1141 1762 ostendunt
1161 1709 1340 1764 'Thesauri'
1403 1741 1404 1744 =

229 1777 379 1831 volumina.
1303 1828 1307 1834 ,

296 1844 395 1898 Litcra
412 1845 449 1896 M.
469 1843 585 1898 denotat
608 1844 732 1897 carmina
756 1847 791 1896 ab
809 1843 905 1898 Manio
929 1849 1052 1912 recepta.
1088 1845 1144 1910 Qui
1170 1846 1318 1900 adiicitur

228 1931 361 1968 numerus
385 1914 519 1982 indigitat
542 1912 596 1965 non
619 1913 786 1980 paginarum
817 1915 867 1966 sed
892 1913 1052 1966 cantionum
1077 1929 1242 1967 numerum.
1281 1916 1318 1968 In

229 1983 284 2036 illis
304 1983 488 2044 carminibus,
513 1998 632 2048 quorum
650 1982 733 2034 sedes
752 1985 838 2049 atque
856 1981 937 2034 initia
954 1982 1091 2035 indicauit
1108 1983 1246 2046 Μοηὶιιε,
1269 2001 1319 2038 ex·

230 2053 333 2104 citatur
372 2051 463 2103 aina.

261 2121 314 2170 Ab.
349 2068 431 2172 firgus.
449 2119 660 2170 Aberdonense.
679 2119 775 2184 (Thes.
793 2117 841 2170 IV.
859 2119 942 2172 Proll.
962 2136 988 2187 p.
1003 2117 1090 2184 XVI).
1155 2177 1159 2186 Ι

263 2187 313 2238 Bd.
349 2187 469 2254 Propria
488 2185 604 2239 Ordinis
624 2187 651 2238 S.
668 2185 823 2240 Benedicti,

265 2255 322 2307 Cm.
349 2255 497 2322 Proprium
517 2254 739 2306 Carmelitarum.

264 2323 311 2376 Oc.
351 2325 433 2376 Brev.
453 2321 669 2375 Constantiense
687 2326 769 2376 vetus
789 2322 884 2387 (Thes.
903 2321 952 2378 IV.
970 2321 1054 2376 Proli.
1073 2341 1099 2390 p.
1118 2323 1182 2389 XI).

265 2392 310 2444 Os.
351 2393 433 2444 Brev.
453 2390 650 2444 cisterciense.

262 2460 413 2512 DumDuo
434 2475 521 2524 opera
539 2459 612 2511 doct.
643 2457 690 2512 Du
707 2457 796 2518 Meril,
816 2457 912 2525 (Thes.
930 2459 977 2511 IV.
1003 2459 1088 2512 Proll.
1106 2477 1133 2527 p.
1159 2459 1238 2514 XIV
1259 2466 1318 2532 sq.)

434 2543 507 2578 num.
526 2527 546 2578 Ι.
566 2531 595 2580 et
612 2525 646 2578 II.
666 2526 832 2592 significata.

234 2627 238 2632 ι
262 2597 335 2648 Frib.
350 2597 498 2664 Proprium
517 2595 759 2648 archidioeceseos
777 2595 985 2663 Friburgensis.

264 2665 315 2716 Ga.
350 2665 432 2716 Brev.
453 2663 597 2716 Gallicana
615 2663 783 2716 recentiora.

263 2731 307 2783 Hl.
352 2732 433 2784 Brer.
453 2731 693 2784 Hulbcrstadense
712 2731 854 2784 recentius
874 2731 970 2797 (Thes.
988 2731 1036 2785 IV.
1055 2750 1081 2800 p.
1099 2734 1174 2799 221).

263 2800 316 2866 Hp.
353 2800 501 2867 Proprium
519 2799 667 2852 Festornm
685 2799 882 2866 Hispanorum.
909 2811 912 2818 “
963 2841 967 2846 .

265 2868 340 2920 Mab.
355 2867 490 2934 Mabillon
507 2867 647 2926 Actaeus.
667 2867 782 2920 Ordinis
801 2867 827 2920 S.
845 2868 1000 2921 Benedicti.

261 2937 319 3004 Mg.
352 2935 452 2990 Officia
470 2937 586 3002 propria
604 2935 778 3003 Muguntina.

261 3005 309 3056 Mi.
352 3006 434 3057 Brev.
452 3004 600 3056 Minorem.

263 3073 313 3124 Pd.
352 3074 435 3126 Brev.
449 3073 688 3138 Praedicatorum.

263 3140 321 3192 Pm.
353 3141 434 3193 Brev.
449 3142 739 3194 Praemonstratcnse.
963 3176 965 3180 -

264 3207 310 3259 Sv.
352 3208 434 3260 Brev.
454 3207 570 3262 Ordinis
591 3210 741 3264 Servorum
761 3209 790 3260 Β.
805 3207 841 3262 Μ.
860 3209 893 3260 V.

283 3277 353 3396 tAlii
370 3277 444 3338 libri,
464 3277 512 3344 qui
531 3278 622 3330 rarius
642 3281 800 3340 occurrunt,
819 3279 847 3330 in
860 3277 958 3340 [indice
976 3279 1133 3332 luculenter
1150 3281 1312 3350 significati

230 3361 303 3398 sun.

247 3472 258 3484 ¹
297 3415 376 3479 Quae
395 3427 467 3480 pune
485 3413 615 3466 lineolam
640 3443 674 3452 -
692 3417 829 3480 apparent
846 3415 946 3468 literae
965 3416 1118 3484 indIgitant
1135 3433 1193 3470 non
1211 3419 1310 3473 nullos

231 3483 384 3536 carminum
402 3481 553 3534 latinorum
572 3483 755 3548 interpretes,
788 3483 836 3549 qui
853 3483 927 3536 inter
945 3484 1147 3538 celebratiores
1168 3494 1248 3540 eunt.
1280 3489 1310 3540 F.

218 3551 448 3618 ¹Fortlagium
468 3550 612 3618 (Gesdnge
631 3549 808 3604 christlicher
825 3551 944 3604 Vorzeit
962 3554 1048 3618 1844)
1078 3553 1130 3606 Κο.
1152 3554 1309 3624 Kdnigs-

228 3618 383 3672 feldium.
421 3619 458 3671 Si.
478 3619 707 3673 Simrockium.
744 3619 790 3672 Sc.
810 3621 1058 3674 Schlusserum.
1079 3621 1143 3676 'Ka
1162 3621 1308 3678 Kaufie-

1397 2619 1404 2994 i

228 3705 301 3740 rum
320 3689 416 3754 (Thes.
435 3687 483 3739 IV.
502 3687 584 3740 Proli.
607 3704 633 3754 p.
652 3686 731 3753 XIV)
765 3688 804 3740 St.
823 3689 980 3756 symbolum
999 3694 1044 3741 est
1061 3689 1212 3746 Henrici
1233 3693 1308 3746 Sta-
1403 3731 1404 3736 ,

228 3756 416 3818 delmanni,
435 3757 482 3823 qui
501 3757 661 3823 nuperrime
679 3755 798 3823 triginta
816 3757 940 3824 quinque
959 3757 1082 3811 carmina
1099 3760 1197 3826 percle
1221 3767 1308 3817 anter

230 3829 259 3877 et
277 3825 404 3890 graviter
422 3825 490 3885 fecit
509 3825 678 3892 germanica.
714 3823 936 3890 (Altchristliche
958 3825 1089 3893 Hymnen
1112 3829 1172 3880 und
1199 3777 1310 3884 Iiedur

228 3909 253 3944 u.
269 3908 289 3942 s.
304 3909 338 3943 w.
351 3894 507 3960 Augsburg
527 3895 613 3959 1855).
649 3892 779 3960 Denique
797 3893 880 3946 litera
898 3893 931 3946 N.
948 3895 1071 3948 lectores
1090 3903 1254 3952 commouet
1273 3900 1309 3952 de

229 3959 344 4026 Nealii
361 3959 447 4011 libro:
466 3961 625 4014 Mediaeval
643 3963 743 4029 hymns
763 3963 859 4028 (Thes.
876 3963 925 4015 IV.
939 3963 1022 4016 Proll.
1040 3981 1068 4032 p.
1087 3963 1175 4032 XIV).

380 4101 477 4108 -—-—

279 4198 299 4252 *)
315 4199 381 4242 Thes.
396 4199 430 4242 iv.
446 4200 514 4244 Prcll.
529 4193 600 4254 pjvl.

661 4341 864 4350 -———-———-.—
