2788 5024
674 373 677 382 ι

634 552 646 562 a

88 629 170 689 baldi
192 649 253 686 non
273 629 402 703 amplius
422 629 453 686 in
475 627 656 686 dioecesium
678 625 876 682 Directorium
904 626 1083 698 inscriptum¹
1110 641 1158 680 oc-

88 709 208 776 currit.“
254 715 339 772 Nunc
370 713 566 788 corrigendus
597 717 644 769 est
675 729 764 770 error.
814 711 852 768 Iu.
877 709 1043 766 Directorio
1074 711 1159 783 regni

88 803 233 858 Saxonise
263 799 548 856 romono-catholico
581 797 629 854 die
657 797 759 854 XXVI.
793 795 869 871 Aug.
901 797 1032 852 occurrit
1055 795 1083 854 S.
1100 795 1159 851 Se·

86 886 168 943 baldi
191 886 273 942 Cous.
296 886 454 944 festivitas.

98 1105 106 1119 ι
173 1073 243 1132 591.
268 1062 484 1143 [Laudemus
515 1079 633 1127 corneo
660 1061 799 1146 icioma.
844 1068 889 1125 De
913 1068 942 1124 S.
966 1068 1160 1124 Bartholo-

87 1175 195 1218 maeo.
239 1157 329 1215 Thes.
353 1158 439 1232 ILp.
463 1151 523 1227 84]
1079 1153 1091 1159 ’

523 1288 727 1302 „,....—........

131 1315 133 1324 ,
177 1364 248 1422 592.
274 1341 525 1434 [metatorum
536 1351 670 1439 peccat
679 1349 783 1438 plebe
797 1369 874 1419 crim
888 1353 1002 1416 menie
1017 1349 1159 1416 muodo,

76 1451 133 1506 xDc
157 1451 186 1507 S.
210 1449 411 1508 Lrudovico
434 1447 528 1521 Rege,
574 1447 663 1505 Thes,
686 1445 722 1502 ΙΙ.
744 1464 773 1518 p.
796 1437 856 1514 84]

550 1611 724 1620 -..w-m

105 1747 109 1760 κ
175 1710 410 1796 593.‚[Rc9em
431 1731 552 1795 repom
574 1725 794 1778 veneremur.
829 1718 874 1777 De
898 1717 927 1776 s,
949 1715 1161 1774 Ludovioo.

90 1807 183 1882 Rege.
229 1806 348 1862 Nealc
371 1805 439 1880 Seq,
464 1824 492 1878 p.
520 1806 588 1862 171.
611 1823 628 1861 e
651 1803 767 1860 Missali
789 1801 960 1864 Redonensi
990 1799 1090 1869 1523]

115 1927 139 1983 1.
155 1926 270 1998 Regem
292 1927 399 1998 regum
419 1941 605 1990 veneremur,
650 1923 678 1979 4.
695 1921 782 1978 Orbis
794 1921 1098 1996 signis-iliustretur,

155 2011 193 2066 Et
216 2009 253 2066 de
276 2010 356 2083 regis
380 2008 543 2082 gloriemur
693 2007 788 2081 Capto
811 2008 877 2080 regi
899 2011 1086 2063 restauratur

177 2095 323 2152 Ludovici
347 2094 457 2168 gloria:
716 2093 819 2148 Hostis
841 2092 955 2164 praeda
977 2091 1146 2164 praeditus:

154 2181 197 2236 Ex
220 2179 401 2236 Francorum
421 2181 507 2256 regni
531 2195 602 2234 cura
690 2180 759 2235 vira
781 2176 868 2234 datur
889 2179 1049 2244 morituris,

155 2266 317 2322 Beatorum
339 2265 426 2338 regni
447 2266 514 2320 iura
691 2262 1162 2336 Claudisgressus,luxobseuris‚

176 2349 319 2407 Possidet
340 2351 370 2406 in
392 2349 501 2412 Patria.
586 2400 589 2408 ,
713 2349 751 2404 Et
773 2349 900 2422 captivis
922 2347 1044 2405 reditus.

43 2517 47 2527 .
114 2473 141 2530 2.
157 2471 260 2543 Ipsum
276 2469 395 2526 Christo
410 2469 625 2528 scommatum
650 2469 678 2526 5.
694 2469 803 2524 Certus
827 2467 945 2524 demum
968 2467 1005 2524 de
1029 2484 1148 2533 corona,

155 2557 300 2628 Magnum
322 2554 394 2618 iecit
418 2559 448 2618 et
469 2553 591 2610 beatum
694 2555 787 2612 Maris
811 2552 899 2610 undis
923 2552 1045 2628 dempto
1067 2552 1148 2619 Iona,
1183 2564 1188 2572 '

178 2641 327 2696 Virtutum
349 2641 551 2695 immensitas:
715 2637 798 2696 Coeli
820 2644 940 2713 portum
967 2639 1077 2694 tenuit:

154 2719 261 2798 Longa
282 2724 368 2791 fides,
391 2741 474 2779 amor
496 2725 584 2790 latus,
693 2725 726 2778 In
750 2725 888 2781 extremis
917 2741 1123 2780 successorem

156 2810 227 2864 Alta
250 2827 330 2882 spes,
355 2809 491 2866 sednon
515 2810 624 2864 elatus:
691 2810 872 2876 Informavit,
897 2815 927 2866 et
950 2809 1095 2866 cultorem

178 2893 331 2950 Profunda
353 2895 513 2956 humilitas
718 2895 793 2957 Esse
815 2896 871 2951 Dei
894 2893 1002 2958 docuit.

107 3014 141 3072 ·3.
157 3014 279 3070 Vultum
293 3013 407 3075 habeus
422 3013 628 3089 Dervidchis,
653 3014 680 3075 6.
689 3017 757 3076 vua
779 3017 883 3074 vivens
906 3015 1068 3076 Beatouum
1176 3025 1180 3031 ·

157 3099 303 3158 Ezechiae
326 3101 423 3156 celum
445 3100 531 3174 logis,
695 3101 780 3158 Felix
793 3105 903 3175 regnet
915 3101 1171 3162 Rermeoeormu

178 3185 217 3240 Et
239 3185 337 3241 iosias
361 3183 507 3241 studium:
715 3188 869 3243 lubeatis
893 3186 1030 3242 sedibus:
1147 3254 1149 3258 ‚

158 3269 272 3324 Doctus
294 3286 384 3326 verae
406 3271 482 3326 lucis
506 3269 601 3337 dator,
699 3273 908 3345 supplicemus
931 3271 1041 3328 Sancto
1064 3271 1141 3346 Regi

159 3353 246 3408 Vitae
272 3359 374 3409 custos
399 3359 429 3409 et
452 3361 568 3410 curator
668 3413 669 3418 χ
696 3359 758 3412 Nos
775 3358 951 3414 Sanctorum
974 3357 1056 3430 iungi
1080 3357 1166 3431 gregi

179 3437 213 3494 In
238 3437 356 3494 Christo
380 3439 550 3494 viventium.
716 3441 778 3497 Piis
802 3442 865 3497 eius
887 3441 1036 3514 precibus.

180 3556 206 3614 3.
230 3557 304 3612 Red.
328 3557 480 3613 Iosuae.
508 3557 542 3614 N.
565 3558 716 3629 Iosiaeg
736 3561 876 3633 quoniam
899 3559 936 3616 de
958 3559 1081 3632 regibus
1104 3561 1167 3635 agi-

95 3646 150 3782 Eur.
196 3642 338 3699 Fortasse
362 3641 492 3700 studium
513 3643 702 3716 expugnandi
725 3650 835 3700 terrem
851 3645 1167 3741 ssuetamintelligen·

115 3746 172 3785 um.
1010 3745 1017 3753 ·

180 3916 251 3976 594.
281 3903 451 3984 [Gaudete
473 3909 559 3974 iusti
579 3913 616 3974 in
633 3909 781 3982 domiuo.
807 3920 856 3976 iis·
874 3919 901 3978 s.
925 3919 1166 3984 debeliando.

94 4001 184 4058 Mons
206 4001 257 4059 III.
281 4021 309 4074 p.
337 4002 407 4062 312.
453 4001 527 4069 (Aus
555 4005 637 4063 einer
663 4003 882 4063 Petersheuser
904 4005 956 4062 Hs.
987 4023 1024 4062 zu
1046 4007 1167 4067 Heidei*

94 4083 170 4158 berg
196 4087 242 4143 12.
264 4085 392 4155 Jahrh.)]
562 4102 571 4120 ⁶

23 4213 24 4216 ’
99 4189 123 4260 i.
138 4201 274 4260 Gaudete
296 4207 367 4262 iusti
389 4198 418 4263 i'n
442 4206 561 4264 domiuo
634 4193 887 4267 2.Coilaudantes
918 4209 1070 4267 Christum
1099 4229 1168 4268 con·
1261 4194 1269 4210 ⁸

158 4287 216 4346 hoo
239 4291 328 4375 clara!
342 4291 398 4360 die,
450 4313 455 4318 ·
475 4351 480 4364 s
658 4315 663 4319 ·
1044 4299 1125 4356 sonis

671 4381 796 4446 vocibus
820 4385 852 4446 et
874 4382 1005 4456 organis,
