2788 5024
210 616 234 674 l.
250 615 333 672 Haec
355 615 459 690 regina
481 620 528 671 ter
549 617 638 674 beata
741 609 769 676 5.
786 617 889 692 Gignit
911 634 947 674 ex
968 621 999 674 te
1020 617 1259 684 Constantinum,

248 701 457 758 Britannorum
479 703 559 776 regis
585 707 657 760 nata
785 701 1261 777 magnumdictumlidcprimum,

269 787 325 844 nuit
347 786 417 844 olim
438 789 542 854 unica;
805 791 869 846 iuro
892 790 1082 855 matrimonii3

249 873 347 928 estin
369 872 448 935 bello
471 873 656 942 interfectus,
785 873 931 930 ludaismo
953 875 1049 948 primo
1072 872 1152 941 data,

250 955 319 1012 dum
341 957 371 1012 in
395 973 462 1012 eum
485 961 532 1013 est
554 957 685 1014 directus
786 964 857 1046 post
877 960 908 1014 in
931 959 1050 1016 Christo
1072 957 1239 1032 baptizata,

270 1041 421 1098 Romanus
445 1045 601 1102 exercitus.
807 1049 937 1118 augusta
961 1045 1156 1102 sanctissima.

207 1163 234 1222 2.
249 1162 346 1220 Luctu
368 1180 476 1236 magno
504 1163 704 1220 lamentatus.
741 1164 869 1224 nuovo
893 1163 970 1222 dono
993 1164 1047 1222 tibi
1070 1162 1158 1220 datur
1184 1194 1187 1199 ·

249 1254 334 1321 pater
357 1253 426 1306 tuus
449 1255 622 1322 peramatus
780 1251 903 1306 inventa
925 1247 1005 1317 crux}
1035 1248 1221 1324 deportatur,

270 1335 434 1406 orphanam
456 1339 486 1390 te
509 1333 632 1401 deserit,
803 1336 895 1392 infers
917 1336 996 1392 hanc
1018 1336 1189 1394 Ierusalem.

192 1468 199 1476 .
248 1436 316 1475 cras
338 1420 424 1475 nimis
448 1421 595 1492 speciosa,
784 1421 810 1475 A
833 1426 864 1476 te
887 1425 951 1476 tota
972 1421 1119 1477 honorata

144 1540 148 1548 -
246 1505 393 1562 universis
417 1506 560 1578 gratiosa,
785 1511 832 1562 est
854 1506 1011 1564 Almannia
1034 1505 1137 1562 dotata

268 1589 378 1646 nubilis
401 1591 584 1664 virguncula.
807 1596 979 1648 sanctorum
1000 1592 1142 1665 reliquiis.

205 1709 233 1768 3.
248 1709 293 1764 Nc
317 1725 389 1765 sanc
412 1710 647 1782 cognoscereris,
741 1709 768 1768 7.
785 1709 930 1766 Columna
951 1711 981 1766 in
1006 1709 1142 1776 ecclesia,

247 1811 302 1852 nec
324 1795 413 1868 plane
443 1796 685 1867 corrumpereris,
787 1813 863 1870 quae
888 1798 1080 1870 septuaginta
1102 1795 1160 1850 duo

267 1881 346 1952 rapit
368 1885 398 1935 te
421 1879 614 1956 pedissequa,
806 1881 913 1938 fundas
936 1881 1126 1947 monasteria,

158 2025 163 2034 ,
247 1965 371 2021 abiectis
395 1983 427 2021 es
451 1965 576 2022 officinis
783 1969 876 2024 vitam
898 1965 1010 2023 ducens
1038 1967 1214 2033 virtuosam,

247 2050 367 2108 addicta
388 2043 544 2126 portandis
567 2051 653 2118 fimiS,
783 2069 911 2126 sponsae
928 2053 1039 2110 Christi
1062 2052 1260 2118 fructuosam,

269 2137 436 2212 amictoque
460 2137 575 2193 vilibus
804 2139 835 2193 in
857 2155 932 2212 pace
957 2137 1125 2194 dormieras.

203 2257 232 2313 l.
248 2256 480 2330 RexAugustus
498 2255 720 2323 Constantinus,
744 2258 772 2316 8.
796 2258 874 2314 Urbs
896 2258 987 2316 beata
1008 2257 1172 2314 Treverina

246 2343 272 2398 is
294 2343 346 2414 qui
369 2341 539 2415 appellatur
561 2343 683 2414 primus
786 2347 877 2416 caput
899 2348 983 2400 tuum
1006 2357 1073 2398 cum
1094 2339 1229 2398 Matthia

268 2427 321 2484 tibi
343 2429 425 2500 iungi
447 2427 551 2493 voluit,
806 2432 914 2496 tenet„
928 2445 1017 2502 quern
1040 2427 1214 2486 advexeras.

170 2537 176 2546 ·
246 2514 310 2569 eius
334 2529 407 2568 uxor
430 2512 514 2568 Costi
534 2515 639 2578 mater,
784 2513 959 2570 Oamocna
978 2514 1158 2586 philomena,

150 2663 154 2670 ,
247 2598 298 2672 qui
321 2603 351 2654 et
372 2597 554 2654 Kathen'nae
577 2602 694 2671 pater„
782 2599 956 2656 oamabilis
976 2599 1099 2665 Helena,

190 2681 192 2688 ’
267 2685 370 2740 mortis
393 2683 492 2757 legem
514 2681 633 2739 tulerat.
803 2690 874 2740 vota
896 2689 1000 2740 nostra
1022 2685 1149 2756 suscipe.

441 2801 468 2860 9.
491 2801 628 2858 Matrona
650 2803 871 2872 cruciferorum,
890 2819 891 2824 ¹

487 2893 616 2962 patrona
639 2888 680 2942 sis
703 2906 780 2944 nunc
803 2888 923 2944 illorum

509 2973 590 3046 pium
614 2971 695 3046 apud
719 2972 878 3041 dominum,
980 2999 985 3028 l

492 3063 584 3132 atque
608 3047 707 3114 t'ecum
731 3058 922 3132 congaudere

487 3145 543 3212 fac,
567 3161 623 3214 nos
647 3141 735 3200 deum
757 3149 829 3201 tunc
852 3141 955 3201 videre

509 3235 627 3303 semper
649 3235 680 3286 ct
701 3231 732 3286 in
755 3225 916 3288 saeculum.

268 3368 296 3426 5.
320 3367 386 3422 Non
411 3372 457 3423 est
480 3368 576 3424 otiosa
598 3384 655 3423 vox
678 3368 919 3436 matrimonii,
944 3368 1084 3440 quoniam
1108 3383 1166 3420 non
1181 3366 1258 3422 nulli

182 3453 327 3511 Helenam
344 3453 532 3510 Constantini
555 3451 750 3508 concubinam
767 3452 870 3519 fuisse,
887 3451 1111 3508 contenderunt.
1149 3449 1177 3507 6.
1199 3451 1259 3508 Le·

182 3543 226 3614 git
246 3539 307 3596 Mo.
331 3557 461 3597 novum
485 3537 622 3594 donum.
668 3538 697 3596 8.
720 3537 818 3612 Caput
840 3537 972 3594 Helenae
995 3537 1135 3592 Treviros
1158 3541 1259 3593 trans·

181 3626 276 3682 latum
299 3629 347 3682 est
370 3643 395 3684 a.
418 3625 480 3683 849
504 3623 541 3680 cf.
565 3623 721 3680 Brower
743 3623 811 3681 Ant.
835 3623 922 3680 Trev.
945 3622 995 3678 lib.
1018 3624 1045 3680 8.
1070 3641 1094 3677 c.
1122 3619 1190 3678 107.

270 3933 339 3992 589.
365 3921 483 4000 [Ptolo
495 3921 610 4004 fidelis
624 3910 748 3988 soant
764 3920 857 4003 Quia
872 3921 974 3988 sidus
990 3921 1113 3985 rutilat
1127 3917 1258 3986 Nooac

148 4011 158 4022 ’
183 4009 365 4078 claritatis.
411 4017 455 4072 Dc
479 4018 508 4073 S.
531 4016 725 4074 Ludovico
748 4017 854 4120 Epist.»
890 4017 980 4072 Mons
1001 4005 1052 4072 111.
1074 4033 1102 4088 p.
1126 4008 1231 4083 480&

273 4293 343 4352 noo.
370 4277 625 4362 [Cocurnamuo
644 4281 792 4368 postor.
829 4289 875 4348 oe
898 4289 926 4348 s.
950 4287 1116 4345 asbaldo.
1161 4288 1255 4344 noes.

184 4379 220 4438 11.
241 4399 271 4454 p.
293 4377 366 4440 aul.
412 4377 592 4450 Scripsimus
606 4378 636 4434 iu
650 4377 718 4434 Tu:
743 4374 861 4448 „llodic
883 4377 941 4434 uisi
962 4375 1049 4434 fallor
1071 4389 1179 4434 nomen
1203 4373 1257 4432 Se·
