2904 5028
166 613 254 685 ptsrc
277 593 404 681 neglexi,
429 622 496 664 cum
519 611 550 663 et
572 607 654 676 illud,
677 613 785 682 postea
801 625 864 668 ‚usu
880 609 1050 666 facillimum
1074 609 1238 685 deprehen-

77 693 84 704 '
167 694 269 751 decim.
308 691 551 750 Uttcstessunt:
574 693 749 750 Dominus
772 696 806 750 in
830 692 1132 767 SynazlltMatcr.
1161 690 1240 753 Hirc-

77 4341 80 4345 .
125 4308 129 4318 ‘
179 4307 207 4350 ll.
222 4310 246 4352 P.
260 4309 410 4358 modulati,
426 4309 472 4352 scd
488 4308 539 4351 ism
557 4315 622 4350 tunc
641 4307 769 4352 nimirum
789 4306 891 4350 vitiati.

167 775 336 854 quemodo
358 778 522 836 instructus
539 777 671 836 secunda
693 797 760 835 mox
779 780 844 837 vice
868 777 992 836 dictavi:
1017 779 1165 838 Psallat
1187 797 1240 838 ec-

167 863 285 922 clesis
307 867 422 918 mater
443 862 606 930 illibatam
629 865 680 921 ille
695 863 804 939 gaudio
820 863 954 936 repletus
970 865 1085 921 rotulos
1099 882 1154 922 eos
1170 883 1239 922 con·

168 949 272 1024 gessit,
296 951 326 1002 et
341 948 443 1020 pueris
460 948 623 1004 cantandos
640 949 705 1005 aliis
725 951 799 1006 alios
822 943 1011 1006 insinuavit.“
1049 951 1149 1007 Locus
1167 967 1239 1007 sane
1339 1019 1341 1027 λ

168 1032 367 1105 difficillimus,
384 1049 473 1106 quem
497 1033 576 1088 sicco
591 1027 678 1106 pede,
701 1040 735 1089 ut
757 1035 848 1100 aiunt,
873 1038 903 1089 et
924 1033 1031 1090 Penius
1059 1039 1089 1090 ct
1112 1024 1242 1091 (letber-¹

167 1124 227 1185 tus,
251 1121 282 1172 et
303 1117 353 1172 alii
374 1118 555 1173 transierunt
578 1117 716 1174 editores.
755 1119 909 1193 Nusquam
932 1121 1049 1174 omnino
1073 1125 1170 1176 exstat
1193 1137 1239 1176 se-

169 1203 306 1278 quentia,
338 1217 415 1275 quae
443 1203 485 1257 ita
513 1203 628 1275 incipit:
666 1203 808 1260 Laudes
838 1203 909 1259 Deo
941 1206 1109 1260 concinat
1141 1203 1239 1260 orbis

168 1289 375 1345 universus.
397 1286 562 1362 ⁸Attamen
583 1289 614 1344 in
635 1287 727 1344 Monii
751 1288 926 1345 collectione
949 1288 981 1354 (I.
1006 1287 1089 1354 217.)
1113 1305 1239 1362 sequen·

168 1375 240 1432 dam
261 1370 415 1438 babemus,
440 1373 526 1435 cuius
547 1373 604 1428 hoc
628 1379 675 1429 est
696 1375 823 1429 initium:
847 1371 990 1429 Laudes
1020 1372 1092 1430 Deo
1123 1375 1240 1429 conci·

168 1461 230 1515 nst
252 1455 354 1512 orbis
376 1455 511 1530 ubique
534 1461 647 1525 totus,
672 1459 733 1532 qui
756 1459 872 1532 gratis
896 1463 953 1514 est
973 1457 1163 1514 liberatus.
1202 1457 1240 1512 Et

169 1543 259 1600 infra:
284 1539 563 1598 ColuberAdae
585 1542 676 1598 male
700 1559 836 1599 suasor.
873 1541 1001 1599 Ethaec
1020 1542 1153 1598 secunda
1176 1543 1239 1597 sine
1302 1583 1306 1588 .
1362 1503 1377 1540 Ἰ

170 1625 259 1684 dubio
282 1627 458 1700 sequent-ias
481 1627 545 1700 eius
559 1625 650 1682 editio
674 1631 729 1694 est,
753 1627 933 1701 quaeYsoni
957 1629 1073 1698 „minus
1095 1620 1239 1700 placuit.“

168 1709 339 1770 Notandum
355 1715 411 1777 est,
426 1710 550 1768 verbum
572 1711 799 1785 redemptus
822 1713 851 1768 in
873 1712 1072 1768 liberatus
1094 1716 1240 1767 mutatum

170 1798 271 1863 fuisse,
296 1801 394 1868 cipro
418 1795 620 1870 deceptor,
637 1798 715 1852 curis
731 1795 880 1863 secundis,
903 1797 1001 1852 male
1025 1812 1166 1852 suasor
1187 1813 1240 1868 po-

171 1883 260 1940 situm
282 1897 365 1937 esse:
389 1882 453 1936 sine
476 1879 618 1936 dubiosa
640 1880 677 1936 de
701 1897 801 1947 causa,
824 1886 858 1937 ut
877 1879 1010 1952 syllabae
1026 1883 1104 1936 notis
1119 1881 1240 1936 musicis

169 1967 305 2040 praecise
318 1964 544 2038 responderent.
567 1965 653 2034 Quod
666 1965 865 2040 hymnologos
878 1964 986 2032 adhuc,
1001 1964 1100 2033 credo,
1113 1965 1208 2020 latuit.
1216 1962 1240 2030 *i

239 2124 264 2190 a)
283 2123 426 2176 llatlrerum
440 2125 568 2176 delectum
579 2125 772 2192 sequentiarum
790 2139 899 2178 suarum
911 2125 1054 2176 instituisse
1067 2126 1137 2178 inter
1154 2137 1241 2176 omnes

171 2194 281 2246 constat.
322 2191 497 2260 Exemplaria
524 2208 585 2244 mss.
606 2193 683 2244 laius
706 2191 798 2244 libelli
820 2189 1020 2258 Sequentiarum
1041 2207 1091 2244 aaa
1112 2192 1150 2244 ita
1174 2207 1241 2244 rara

170 2263 238 2320 sunt,
257 2264 283 2310 et
298 2261 325 2310 in
342 2275 392 2310 non
404 2261 481 2311 nullis
495 2257 615 2328 Epistola
628 2259 801 2312 dedicatoria
815 2261 853 2310 ad
863 2258 1030 2310 hulwardum
1054 2258 1241 2310 Vercellensem
1278 2293 1282 2300 -

170 2329 318 2395 episcopam
336 2328 438 2393 tempta
450 2329 600 2393 praeeedit,
619 2342 695 2392 paam
714 2341 841 2378 excusam
864 2327 989 2378 latemus
1011 2341 1033 2377 e.
1051 2344 1074 2393 p.
1093 2327 1167 2394 apud
1182 2323 1240 2377 lla-

171 2396 300 2460 lillpm'um
317 2396 343 2446 in
362 2395 435 2446 Actis
452 2393 610 2448 Sanctorum
636 2394 697 2446 Ord.
720 2394 747 2446 S.
769 2393 867 2448 Bened.
896 2393 953 2446 VII.
967 2410 996 2461 p.
1017 2394 1059 2456 19,
1078 2409 1093 2446 e
1111 2393 1176 2446 tilro
1194 2407 1240 2444 ms.

174 2461 336 2514 cluniacensi
352 2459 412 2524 (M),
431 2463 503 2530 apud
519 2464 623 2515 Pezium
646 2464 672 2514 in
691 2461 827 2514 Thesauro
844 2462 1036 2514 Aaeedotarum
1053 2461 1118 2529 Lp.
1138 2460 1178 2512 17.
1196 2459 1242 2524 (P)

171 2531 244 2598 apud
262 2529 416 2596 Gerlertum
435 2529 468 2580 de
485 2528 519 2580 Μ.
538 2529 566 2582 S.
584 2531 606 2582 I.
620 2545 650 2598 p.
669 2529 730 2590 412,
748 2545 850 2582 uersam
868 2531 963 2581 maiori
980 2533 1111 2598 exparte
1132 2530 1159 2579 ln
1180 2543 1240 2595 per-

171 2598 298 2649 manieam
317 2597 429 2662 linquam
448 2597 522 2678 apud
536 2596 672 2650 Rambaclr
698 2597 774 2648 Anrt.
796 2597 819 2649 I.
832 2613 861 2665 p.
887 2596 949 2648 210.
984 2595 1066 2659 Quum
1086 2600 1137 2648 lam
1161 2609 1242 2662 praue

166 2666 207 2718 sit
224 2665 301 2716 tuias
318 2665 445 2732 epistolae
461 2681 488 2716 m
505 2664 626 2717 Historia
643 2663 843 2731 Sequeattarum
861 2669 1023 2725 momentum,
1041 2667 1067 2716 in
1084 2665 1141 2732 ipso
1152 2679 1241 2715 mona-

172 2733 254 2785 sterio
272 2731 458 2784 San-Gallensi
480 2747 527 2798 epo
551 2734 792 2808 auscultationem
815 2747 905 2784 noram
928 2734 954 2783 in
979 2730 1038 2782 Ood.
1056 2731 1103 2784 No.
1123 2729 1185 2782 381.
1203 2732 1241 2782 in-

171 2802 252 2862 stitui,
270 2815 306 2851 ex
324 2815 374 2865 pao
392 2815 449 2851 eam
468 2798 617 2853 Beatissimi
629 2799 715 2853 Nealii
732 2801 900 2867 disputationi
917 2799 1039 2851 adscribo
1057 2815 1114 2850 cum
1129 2799 1241 2864 somptu-

173 2883 223 2920 rae
241 2868 392 2920 dirersitatc
409 2869 436 2918 in
453 2866 484 2917 M
498 2871 526 2918 'et
542 2867 567 2918 P
583 2868 664 2928 aloia,
683 2869 727 2934 qui
743 2869 870 2919 nonnullis
887 2869 913 2918 in
931 2868 995 2918 locis
1012 2869 1073 2917 sunt
1086 2867 1242 2932 corripendi.

416 2951 599 3020 ,Dipmssimo
621 2953 770 3004 successori
1163 3001 1168 3008 .

242 3002 386 3085 allatique*
410 3020 525 3072 coenobii
551 3019 715 3072 Sanctissimi
739 3019 887 3072 Columlani
909 3019 946 3072 Ac
970 3017 1113 3086 defensori
1128 3019 1243 3070 cellulae

244 3089 363 3154 discpulr'
381 3088 437 3139 eius
454 3089 583 3140 mitissimi
602 3088 669 3140 Galli
685 3101 734 3139 nec
750 3103 801 3140 non
824 3091 850 3140 et
873 3088 980 3140 archien
1001 3089 1085 3140 eliano
1107 3087 1242 3153 plurimis·

241 3157 300 3208 simi
309 3155 477 3223 imperatoris
490 3153 584 3207 Karoli
594 3155 727 3208 llotlserus
735 3155 898 3208 Cucullarias
911 3154 960 3208 Sti.
994 3154 1244 3224 ullilllarissimusl)

247 3239 308 3294 Cum
326 3239 413 3292 adduc
430 3241 565 3292 iuaermlus
581 3251 665 3294 essem
683 3244 710 3292 et
726 3241 854 3292 melodas
875 3241 1040 3306 mapissimae
1061 3241 1167 3306 saepius
1190 3253 1243 3290 me-

174 3309 276 3362 moriae
294 3309 489 3360 commendatae
510 3309 630 3360 instabile
653 3309 785 3360 corculum
809 3307 978 3374 astupeant,
996 3308 1070 3374 coepi
1083 3308 1179 3360 tacitus
1190 3321 1243 3357 me·
1272 3323 1280 3336 ¹

174 3393 232 3429 cum
250 3377 359 3436 uoluere,
378 3390 488 3442 quonam
507 3375 582 3427 modo
596 3390 642 3427 eas
654 3376 789 3442 potiuerim
804 3377 961 3441 collipare.²)
990 3373 1245 3440 Interim³)contipit,
1335 3382 1347 3398 “

175 3447 204 3496 at
215 3444 359 3513 presbyter
388 3444 476 3495 uidam
494 3444 527 3494 de
542 3445 678 3509 pimedia⁴)
694 3457 812 3509 nuper-a
831 3442 1006 3495 Nardmannis
1016 3445 1128 3501 uastata,
1142 3443 1245 3492 sereret

175 3513 213 3564 ad
228 3527 283 3572 aas,
301 3459 512 3578 antiplonurium
529 3526 604 3564 suam
623 3511 749 3577 deserens
765 3525 865 3570 secum,
887 3511 914 3562 in
933 3525 985 3576 pao
1003 3509 1084 3574 aliqui
1100 3508 1247 3567 uersusad

175 3581 325 3647 sequentias
343 3583 420 3632 eruat
436 3579 569 3632 modulati.
604 3577 718 3642 Quorum
737 3582 766 3632 ut
783 3593 833 3630 usa
850 3578 1006 3638 delectatus,
1029 3578 1068 3628 ita
1089 3591 1145 3628 sum
1167 3578 1246 3641 pastu

176 3649 345 3700 amaricatus.
384 3646 427 3698 Ad
446 3647 615 3701 imitationem
639 3648 861 3708 romanaerium)
884 3647 958 3712 coepi
980 3644 1112 3696 scribere:
1139 3640 1245 3694 laudes

177 3716 302 3778 damiani)
320 3716 439 3768 renarrat
457 3713 528 3766 orbis
546 3715 638 3780 ulique
661 3716 755 3776 inlusi)
777 3715 821 3780 pai
843 3714 930 3780 pratis
953 3714 994 3764 est
1017 3712 1175 3778 redemptus.
1210 3707 1246 3760 Et

176 3783 263 3849 infra:
283 3782 393 3835 Calaber
410 3782 484 3834 Adae
503 3783 660 3850 deceptor.⁸)
695 3781 765 3844 Quos
787 3796 844 3832 eum
862 3781 989 3847 mapistro
1007 3793 1063 3831 mea
1081 3779 1154 3830 Isarci
1171 3778 1244 3830 obtu-

179 3987 183 3997 .
230 3935 247 3988 ¹)
262 3935 289 3978 ll.
305 3936 412 3996 Summae,
422 3935 548 3998 sanctitatis
563 3935 650 3982 marito,
661 3934 744 3994 ,smmi
759 3933 876 3994 sacerdotii
889 3933 970 3994 decoro
988 3931 1106 3993 sublimato
1123 3930 1246 3989 liutwardo

178 3985 414 4073 incomparabilisvni
428 3985 518 4030 Busabn
529 3985 679 4046 'Vercellcnsis
694 3983 941 4077 Episctopildiiuggvigffl
953 3981 1247 4085 {dercelslffnsei'dagilpdsrc'dlpedff

179 4037 779 4150 adstofffnrd⁵ssEi⁰fdsefferglossiyptldgcglllgiffisqloesffltd
799 4087 861 4128 asili
879 4086 942 4128 istola
961 4091 1011 4128 ants
1031 4096 1114 4127 annum
1134 4085 1180 4126 887.
1201 4061 1245 4136 qud

119 4167 128 4181 .
179 4140 272 4182 caroius
285 4149 378 4194 impuno
393 4145 414 4180 et
428 4146 469 4182 vita
484 4145 561 4189 cessit,
576 4139 695 4181 Salomone
710 4137 804 4180 necdum
819 4136 841 4178 S.
857 4097 912 4178 darn
927 4135 1012 4178 abbate.
1195 4151 1205 4160 -

229 4205 455 4260 lillcolligcro.
487 4205 814 4258 ³)M.P.interimvero.
845 4203 1056 4257 lindesiam.
1084 4201 1247 4256 (Gemuticcnss

178 4257 345 4308 monasterium,
359 4257 470 4310 lumitgos
488 4257 514 4300 nd
534 4257 657 4310 Sequanam
676 4257 742 4299 situm
756 4256 812 4298 inira
832 4255 984 4358 Rotomassuffl,
1000 4261 1125 4348 'pustgtplilnn
1133 4251 1238 4344 dagimsllb

180 4358 324 4404 adauae.
351 4359 723 4412 uduoraisunmcrsus.
748 4357 1008 4410 stunatasussor.
1036 4353 1249 4408 (verbanolubor
