2910 5022
433 715 437 719 -
478 675 533 742 Alc
547 632 660 764 'quem
678 638 801 760 prucis
829 677 1053 744 leaelalula.

383 777 516 831 Planctus
535 776 644 828 animae
661 775 691 827 in
708 775 886 844 Purgatorio.
922 775 1034 830 Corolla
1051 776 1148 830 Wallr.

294 891 343 948 Ah
358 908 447 967 quam
463 891 563 964 gravis
573 889 627 952 'lex
637 892 763 946 statuta!
830 889 922 958 Clavi,
945 889 1034 957 ferra,
1061 891 1274 964 runcinaeque‚

293 982 359 1034 tota
381 977 505 1032 flammis
533 992 616 1030 mens
643 973 763 1030 imbuta.
828 991 952 1049 prunae,
976 975 1068 1043 faces,
1091 975 1289 1050 laminaeque,

292 1061 375 1118 Inter
395 1079 488 1136 rogos
510 1059 683 1127 inardescit,
827 1056 1020 1134 un'gulaeque
1042 1065 1246 1134 penetrantes,

294 1151 325 1203 et
347 1146 454 1204 ardore
477 1145 670 1202 contabescit.
826 1147 1024 1220 pectinesque
1046 1145 1203 1215 laniantes,

250 1231 269 1289 5
294 1230 502 1288 Salamandra!
526 1235 614 1303 potes
636 1229 703 1286 illas
766 1229 808 1290 20
831 1235 862 1286 et
883 1233 1021 1304 quaesita
1043 1232 1167 1305 quaevis
1187 1246 1286 1304 poena

293 1316 445 1373 ambulare
466 1323 522 1392 p'er
543 1314 678 1373 favillas?
829 1317 976 1390 exquisita
998 1315 1076 1372 foret
1098 1331 1199 1372 coena.

237 1402 245 1408 ’
293 1401 483 1458 Omortales
501 1399 650 1476 quotquot
666 1401 749 1468 estis,
830 1397 1022 1458 Omortales
1045 1405 1102 1457 etc.
1191 1406 1194 1418 ’

293 1504 381 1562 opem
402 1488 489 1555 forte,
514 1503 603 1561 quam
625 1487 763 1559 potestis.

290 1605 380 1681 Piget
400 1605 492 1664 verbo
516 1605 682 1679 suffragari,
825 1603 889 1660 Hos
913 1605 938 1660 si
960 1602 1159 1662 luctusGeta
1181 1606 1282 1674 sciret,
1312 1663 1320 1674 ,

291 1708 358 1748 cum
380 1709 426 1748 me
450 1693 533 1748 scitis
556 1689 727 1764 naufragari
826 1693 890 1745 toto
914 1689 1004 1746 corde
1028 1689 1210 1765 singultiret;

275 1769 398 1852 ‘magno
422 1777 496 1833 mari
517 1776 728 1849 lacrymarum
763 1774 803 1834 25
823 1765 894 1848 ipsa
916 1776 1013 1850 tigris,
1037 1776 1063 1830 si
1084 1773 1210 1844 videret,

291 1866 321 1918 et
337 1861 418 1937 quod
431 1863 527 1936 magis
543 1866 591 1918 est
606 1877 749 1918 amarum:
823 1858 1016 1934 pardalisque
1038 1859 1122 1934 large
1144 1859 1248 1928 fleret;
1273 1876 1285 1880 -

289 1965 336 2004 me
358 1933 471 2006 videtis.
489 1949 644 2020 ignearum
825 1946 883 2001 imo
906 1962 997 2020 rupes
1019 1943 1182 2002 finderetur

291 2037 378 2090 aestu
400 2033 466 2106 rapi
486 2031 703 2106 procellarum?
825 2027 1011 2105 adamasque·
1031 2031 1229 2106 frangeretur.

228 2117 266 2176 15
290 2116 315 2176 0
338 2114 478 2176 mortales
502 2122 558 2174 etc.
825 2113 850 2171 0
873 2116 1015 2174 mortales
1031 2121 1088 2172 etc.

362 2259 365 2263 ·
465 2235 506 2294 80
528 2234 566 2290 Et
588 2236 639 2310 qui
660 2236 719 2292 mei
741 2251 795 2292 vos
818 2235 904 2290 amici

530 2318 679 2394 quondam
700 2319 847 2377 volebatis
868 2319 936 2386 dici,

468 2407 473 2412 '
528 2420 566 2462 ne
589 2407 715 2462 cessetis
738 2405 905 2478 lacrymari,

527 2505 583 2564 pro
606 2489 770 2547 me'Deum
793 2489 962 2564 deprecari:

528 2591 636 2649 precor
657 2593 711 2633 vos
734 2593 789 2650 per
811 2575 867 2632 hos
890 2574 1023 2644 ardores,
1046 2601 1053 2628 ι

463 2658 503 2720 35
527 2677 629 2717 omnes
652 2677 754 2718 sacros
776 2677 832 2736 per
855 2664 986 2718 amores!

528 2745 553 2804 Ο
576 2745 717 2805 mortales
744 2753 799 2804 etc.

670 2909 859 2922 ...ρ-...βισκ-

548 3005 765 3094 Requieecal
792 3027 814 3074 a
837 3004 966 3075 latore.

288 3124 451 3182 Monislinm
469 3128 498 3180 et
515 3122 647 3180 Heloisee
670 3124 770 3180 naenia
787 3123 865 3178 iuxta
883 3125 1042 3194 sepulcrum
1061 3124 1221 3185 Abaelardi.
1262 3208 1270 3224 1

403 3267 569 3332 Honiales.
597 3275 600 3281 '
953 3267 1092 3332 Hcloisa.

283 3351 466 3468 Reipuiescat
487 3409 505 3448 a
527 3391 630 3450 labore
697 3383 702 3395 '
819 3391 907 3469 Salve
930 3393 1036 3450 victor,
1050 3390 1105 3448 sub
1128 3408 1265 3461 corona.

110 3484 118 3500 ⁸
161 3523 169 3535 .
283 3477 424 3534 doloroso
448 3483 479 3534 et
501 3473 616 3534 ainore!
818 3493 928 3552 sponse
951 3478 980 3534 in
1003 3479 1117 3535 nitente
1140 3481 1228 3536 nona!
1256 3533 1268 3546 ,

280 3562 427 3620 Unionem
450 3563 590 3620 coelitum
757 3561 793 3620 15
817 3561 950 3620 Millibus
974 3579 1041 3618 cum
1062 3563 1203 3637 lacrymis

281 3649 438 3723 flagitavit,
479 3683 485 3694 ι
819 3665 909 3722 quem
932 3648 1052 3715 salutat,
1152 3667 1154 3674 ¹

240 3731 340 3790 5iam
362 3734 482 3790 intravit
518 3787 522 3797 ,
710 3735 716 3752 ¹
817 3738 869 3790 tua
891 3737 978 3790 nutat
1020 3737 1023 3742 '

281 3817 446 3875 Salvatoris
460 3815 600 3896 ,adytum
820 3817 909 3875 vidua
931 3819 960 3874 in
983 3818 1142 3874 tenebris*

280 3935 315 3993 ln
338 3935 467 3993 obscura
488 3931 607 3992 tumbae
633 3931 720 3994 cella
816 3936 850 3992 In
872 3941 996 3994 aeterna
1018 3931 1089 3994 mihi
1110 3939 1244 3998 iunctum

281 4021 359 4081 alma
380 4021 471 4078 micat
492 4021 571 4078 iusto
595 4023 692 4090 stella,
720 4060 723 4064 -
752 4021 793 4082 20
816 4039 883 4078 amo
906 4021 1024 4098 dignior
1045 4021 1217 4080 defunctum

200 4137 203 4142 ·
280 4106 376 4163 instar
394 4107 463 4180 ipse
486 4105 616 4164 siderum
814 4107 970 4164 beatorum
994 4109 1138 4182 socium,¹
1239 4139 1248 4148 ·

219 4189 257 4252 ¹0
278 4190 488 4266 refulgebit„¹
548 4205 553 4214 ‘
815 4210 894 4249 mors
916 4193 1010 4266 piavit

155 4349 158 4358 1
264 4276 350 4333 ,dum
371 4275 487 4334 videbit
816 4294 894 4352 quae
917 4279 1035 4335 sanavit
1119 4309 1125 4316 ·

276 4363 307 4422 in
328 4361 445 4444 fulgore
469 4359 627 4420 dominum.
797 4364 982 4421 'insanatum
994 4363 1154 4422 animum-
1179 4371 1185 4379 '
