2788 5024
473 461 477 468 .
572 453 677 574 'm

189 727 259 787 587.
284 717 352 799 [Aa
373 718 541 784 honorem
563 719 688 784 summi
708 719 811 802 repis.
846 727 889 784 De
906 726 934 786 S.
957 726 1095 784 Helena
1116 727 1174 784 Re-

105 815 182 888 gina.
227 813 389 872 Monelll.
411 831 439 886 p.
463 810 533 870 336.
556 811 619 879 (Hs.
643 804 1172 882 zuDannstadtN0.5d5.14.Jh.)]
1226 823 1229 834 '

94 1011 96 1014 ,
128 949 510 1010 thumnensium
536 951 617 1024 regis
661 951 689 1006 4.
704 948 808 1006 Mundi
830 949 906 1006 fides
930 954 976 1006 est
998 951 1027 1006 in
1051 953 1126 1017 tuto,
1195 939 1197 946 ’

137 1067 142 1074 =
167 1053 231 1101 uos,
256 1037 306 1110 qui
329 1053 431 1092 sumus
449 1052 520 1092 ores
536 1035 637 1108 gregis
684 1037 790 1101 ‘iacet
814 1038 895 1091 tacet
918 1051 969 1090 ore
993 1039 1074 1090 muto
1160 1097 1166 1114 .

189 1121 329 1194 spiritalis
343 1137 485 1194 pascuae,
625 1167 635 1178 κ
726 1121 859 1194 gentium
881 1119 1019 1193 pertidia;

168 1207 218 1262 ore
241 1205 346 1262 laudes
370 1205 552 1271 attollamus,
702 1204 741 1260 ad
764 1221 815 1261 cor
837 1204 924 1272 redit,
949 1207 1001 1279 qui
1024 1207 1141 1264 erravit.

166 1309 255 1348 manu
276 1292 376 1348 lumen
398 1291 600 1365 praeferamus
702 1296 732 1346 et
755 1289 873 1358 adorat,
899 1289 979 1365 quod
1003 1289 1153 1348 damnavit

175 1375 334 1451 *lampadis
357 1391 416 1432 non
439 1393 560 1434 vacuae.
718 1375 856 1454 iudicum
879 1377 1012 1433 saevitia.

126 1529 154 1586 2.
171 1529 233 1602 Ipsi
255 1521 351 1586 honor
373 1531 437 1586 sine
458 1531 526 1598 fine,
576 1547 581 1551 ·
663 1530 690 1589 5.
706 1530 771 1586 Iras
794 1535 895 1586 truces
917 1547 996 1586 nune
1020 1529 1143 1605 deponit

167 1617 218 1689 qui
241 1615 373 1671 Helenae
396 1614 448 1672 dat
469 1617 592 1690 reginae
701 1620 732 1670 et
753 1618 863 1689 vagina
886 1633 919 1672 se
941 1617 1060 1689 reponit
1157 1623 1160 1628 '

187 1700 266 1756 felici
289 1703 464 1759 commercio
723 1703 932 1774 persequentis
956 1700 1083 1774 gladius.

166 1803 292 1860 regnum
316 1787 392 1842 coeli
414 1803 468 1858 pro
493 1791 621 1852 terrene,
702 1785 774 1841 licet
790 1785 933 1860 quidquid
957 1787 1012 1853 vis,
1036 1787 1174 1842 hortatur

165 1871 216 1926 ubi
239 1871 355 1926 euhoe
377 1873 407 1926 in
429 1871 487 1926 hcc
514 1871 603 1942 pleno
706 1871 805 1926 Siitus
828 1888 916 1946 papa,
940 1871 998 1926 iam
1020 1875 1158 1939 testatur,

188 1973 266 2011 nunc
290 1959 408 2012 eructat
430 1945 549 2030 gaudio.
651 1950 655 1958 ’
724 1953 870 2030 dispergit
891 1955 1079 2014 Laurentius.

126 2109 153 2166 3.
168 2107 250 2164 Felix
270 2107 345 2164 haec
367 2107 485 2164 felicem
511 2111 622 2176 natum,
662 2108 689 2166 6.
707 2108 774 2174 Sed,
799 2113 832 2164 ut
853 2106 942 2166 notus
965 2113 1047 2166 esset
1074 2108 1157 2178 deus,

166 2193 266 2249 lumen
289 2194 369 2250 orbis
393 2199 423 2250 et
445 2199 582 2250 ornatum
703 2199 734 2250 et
755 2195 943 2268 praeclarum
965 2213 1072 2252 nomen
1095 2197 1158 2252 eius

189 2278 415 2334 Constantinum
438 2281 549 2354 genuit,
722 2281 814 2338 efficit
835 2283 864 2338 in
888 2280 1036 2355 gentibus,

167 2371 287 2420 etcum
310 2381 345 2420 eo
369 2364 586 2429 conrardum,
614 2417 617 2423 ,
701 2359 782 2423 Indis
806 2365 925 2441 quidem
948 2372 979 2424 et
1001 2365 1102 2435 iberis,
1209 2425 1211 2430 ,

62 2501 64 2505 .
144 2493 147 2500 .
167 2452 192 2507 si
215 2467 274 2524 qua
297 2451 359 2506 lata
381 2457 466 2506 erant
488 2449 613 2524 pridem,
700 2458 771 2524 post
793 2452 940 2508 Armenes
962 2453 1056 2508 iunxit
1078 2454 1157 2510 reris

188 2535 326 2609 abrogari
350 2537 462 2593 statuit.
634 2559 637 2562 ·
723 2537 793 2594 fidei
817 2538 990 2596 cultoribus.

359 2687 386 2745 7.
409 2689 500 2762 Ergo,
524 2707 602 2764 quae
624 2679 702 2748 hanc
726 2694 864 2766 genuisti,

407 2779 503 2830 mater
526 2776 599 2842 eius,
624 2794 736 2849 sponsa
758 2777 877 2844 Christi,

429 2855 534 2916 sancta
556 2861 654 2934 gaude
677 2853 825 2920 Treveris,

409 2949 440 3000 et
461 2963 517 3000 nos
540 2947 843 3020 simulgratulemur,
949 3019 953 3023 g
1003 2987 1005 2992 ·

409 3030 496 3087 simul
519 3029 607 3087 deum
630 3031 834 3106 deprecemur,

428 3113 513 3184 deus,
537 3135 629 3192 parce
651 3119 783 3176 miseris.-

188 3248 215 3306 5.
240 3249 410 3309 Secundum
434 3255 577 3326 strophae
607 3256 827 3312 hemistichium
844 3261 1031 3330 corruptum
1060 3257 1174 3332 iudicat

103 3333 232 3388 Monius.
265 3335 312 3390 Ex
334 3354 400 3393 mea
423 3339 571 3394 sententia
594 3337 799 3412 accipiendum
823 3346 870 3397 est
884 3343 942 3398 hoc
961 3342 1062 3398 modo:
1085 3344 1171 3398 Nunc

15 3439 23 3448 ’
102 3418 174 3474 licet
196 3418 277 3492 quod
301 3424 388 3476 antea
410 3423 550 3479 trahebat
566 3423 604 3478 ad
621 3426 807 3498 supplicium.
847 3424 1010 3496 Hortantur
1028 3428 1173 3500 populum

101 3505 259 3578 pontifices
269 3523 366 3580 neque
383 3507 509 3580 amplius
519 3509 681 3582 affiguntur
690 3512 786 3566 cruci:
808 3509 1087 3586 erogantecclesia'e
1097 3531 1171 3586 opes

102 3587 220 3650 diaconi
241 3607 295 3646 nec
305 3591 520 3648 consumuntur
533 3595 563 3648 in
584 3595 736 3652 craticula.
759 3597 876 3668 Duplex
891 3601 991 3653 autem
1008 3602 1171 3666 causaest,

102 3673 184 3750 quod
204 3677 297 3749 poeta
319 3677 376 3734 hoc
398 3677 485 3734 affert
509 3679 581 3736 Sint
605 3683 635 3734 et
662 3679 815 3736 Laurentii
838 3683 1012 3757 exemplum.
1056 3681 1090 3739 In
1112 3685 1171 3758 pri·
1224 3744 1227 3746 ,

100 3757 313 3836 mis'vesperis
345 3762 372 3820 S.
403 3763 534 3820 Helenae
565 3765 599 3834 fit
622 3769 861 3824 commemoratio
886 3768 1019 3824 Octavae
1043 3769 1071 3827 S.
1094 3769 1172 3826 Lau·
1241 3796 1246 3807 s

101 3847 201 3904 rentii:
226 3865 315 3922 porro
339 3848 420 3923 quod
443 3850 564 3924 gravius
588 3854 648 3917 est,
672 3851 851 3908 Laurentius
881 3853 1074 3910 moribundus
1104 3873 1173 3928 pro·

99 3932 234 4006 phetavit
256 3933 403 3991 ecclesiae
432 3952 538 4008 pacem
568 3953 604 3991 ac
634 3937 890 4010 tranquillitatem,
914 3938 952 3994 de
975 3957 1035 4014 qua
1057 3941 1169 4014 optime

102 4019 207 4076 merita
230 4025 276 4076 est
297 4017 426 4078 Helena:
445 4021 578 4078 -Fort
603 4019 805 4095 dispe-rsit.
830 4023 857 4082 6.
880 4012 1170 4084 Fort‘effectum.

74 4341 79 4348 -
115 4278 138 4338 s
186 4305 256 4365 588.
282 4297 392 4377 [Haec
413 4304 535 4386 regino
559 4301 748 4370 tenbcoto.
771 4314 815 4370 De
840 4314 868 4373 S.
892 4297 1043 4372 Helena.
1078 4313 1168 4374 Mune

99 4389 151 4450 III.
172 4409 201 4466 p.
225 4393 294 4452 337.
317 4391 381 4462 (his.
404 4413 463 4455 rou
486 4397 528 4456 St.
551 4397 700 4458 Peter-au
722 4393 1167 4476 sanburgvl.‚35.15.lh.)]
