2848 5030
726 455 771 531 n

212 645 402 703 achisamheit
414 661 478 700 onan
501 643 574 700 anah
596 643 626 698 in
642 641 694 698 der
706 641 864 716 fainanden
883 641 1080 716 Beariettnnq
1095 643 1285 710 nahrnimmt,

212 731 260 788 die
281 747 358 786 znar
378 731 431 803 fito·
454 729 501 785 die
518 727 621 785 Ostern
637 729 779 784 hestinmt
794 730 842 794 ist,
865 729 941 783 oter
956 729 1029 784 nach
1052 725 1106 783 den
1122 727 1188 784 lits.
1213 727 1288 784 anch

210 818 264 888 fiir
290 816 398 872 andere
424 816 510 871 Festa
535 815 632 888 aelian
658 812 774 869 lconnte.
819 811 912 869 Beide
952 813 1128 870 Umarbeitei·
1164 813 1286 869 nahmen
1402 889 1404 896 Α

212 901 372 959 Rttakoicht
392 899 451 972 anf
467 898 521 954 den
544 899 633 956 Boin.

298 987 386 1043 Dieoe
409 985 540 1058 Sequana
562 983 662 1040 narde
683 985 756 1040 anch
778 1000 814 1039 za
836 984 961 1040 Liadarn
983 983 1042 1056 anf
1065 983 1173 1038 andere
1194 981 1286 1038 Heili·

213 1089 270 1146 qan
291 1071 458 1146 qehranant.
495 1070 531 1125 In
546 1069 601 1124 den
622 1069 846 1142 aeschriebenen
863 1070 1007 1126 Znsc'z'tzen
1029 1085 1065 1124 za
1087 1071 1179 1124 einen
1194 1067 1286 1122 Mess-

213 1155 288 1213 not·
307 1155 359 1212 ties
381 1157 426 1212 15.
450 1153 548 1211 Jahrh.
571 1171 607 1210 za
629 1154 789 1218 Karhrnha
811 1155 895 1216 steht
910 1171 963 1210 aas
984 1153 1112 1228 qteiaher
1136 1153 1201 1209 Zeit
1222 1154 1285 1207 eine

213 1241 346 1316 Sequani
368 1243 428 1314 aas
444 1241 499 1296 dea
520 1241 547 1297 h.
570 1241 697 1307 Btnsins,
722 1239 769 1296 die
790 1257 825 1296 so
844 1241 982 1313 anfltnat:

372 1361 480 1428 Victori
501 1359 602 1416 Blasio
620 1359 726 1416 landes
748 1359 894 1416 immolant
915 1359 1040 1415 incolant

364 1463 458 1522 aqnns
481 1463 605 1518 saqaens
622 1451 771 1518 pastorem
794 1463 871 1500 mora
888 1441 1011 1520 pascali,

362 1531 487 1608 praesul
508 1531 582 1586 binis
605 1547 667 1586 cnm
685 1531 789 1604 pneris
812 1535 857 1585 est
878 1531 1038 1586 immolatus

363 1635 440 1674 nors
462 1635 481 1673 a
502 1615 562 1674 otta
581 1613 710 1688 flectitur
732 1615 853 1690 speciali
875 1613 969 1672 dnetto
992 1623 1044 1671 eta.

300 1818 350 1879 66.
375 1808 543 1894 [Vn-ainis
565 1809 712 1876 Mariae
735 1809 862 1874 laudes
876 1809 1066 1874 concinant
1080 1803 1284 1875 Christiani.

211 1905 257 1980 De
278 1903 403 1962 Beato
426 1906 607 1980 Virgine,
630 1908 766 1978 tempore
787 1897 947 1974 paschon]

255 2033 258 2038 '
297 2023 386 2084 Thes.
409 2024 446 2082 11.
468 2043 497 2099 p.
524 2024 591 2083 198.
613 2023 703 2080 Mone
725 2021 761 2082 Π.
784 2022 854 2082 232.
878 2022 1063 2082 eood.soeo.
1086 2021 1162 2080 XIV.
1178 2025 1209 2078 et
1223 2021 1285 2080 XV.

298 2295 347 2356 67.
373 2287 478 2369 [Veni
509 2287 743 2374 potentissimi
778 2287 876 2352 miles
911 2289 947 2352 et
973 2283 1161 2372 fortissimi
1181 2281 1322 2369 reyis;'

212 2371 283 2460 fl⁰⁸
305 2373 456 2440 militiae.
502 2382 546 2439 De
564 2381 598 2441 S.
622 2377 813 2458 Georgia]
839 2443 842 2448 ,

297 2653 346 2714 68.
371 2641 549 2732 [Serpens
566 2645 735 2734 antiquus
764 2645 845 2712 oieit
871 2645 908 2712 in
938 2645 1039 2731 liqna.
1083 2651 1127 2710 De
1150 2619 1286 2710 erice.

208 2739 245 2799 B.
266 2733 454 2810 Notkeri.]
553 2810 558 2826 ι
1059 2780 1068 2785 .

294 2824 587 2902 ffiffluffl
692 2836 695 2840 ’

643 2909 839 2930 quassu-‘uuu-

295 3011 344 3072 69.
373 3001 713 3086 [Βααάεεζῦοπιὶηο
747 2995 985 3090 concinamus.
1036 3013 1069 3073 Β.
1105 3011 1286 3079 Notkeri,

208 3096 305 3155 tituli:
330 3093 591 3170 Concordiel,

293 3181 410 3242 Titulus
433 3185 469 3243 cs.
491 3183 545 3252 No.
568 3185 597 3243 lt.

649 3263 851 3280 m

295 3369 344 3430 70.
369 3359 535 3444 [Somnio
556 3361 650 3430 hanc
678 3364 766 3444 ctiam
787 3383 998 3431 veneremur
1019 3359 1196 3430 tantitas.
1239 3369 1285 3427 De

212 3455 264 3515 SS.
286 3455 442 3532 Apostolis
464 3457 654 3532 Philippo
678 3463 708 3515 et
730 3452 894 3529 Inoobo]

293 3543 348 3600 Est
371 3543 534 3617 Sequentia
555 3561 679 3618 prorsus
703 3543 863 3618 singularis
895 3548 925 3600 et
954 3549 988 3599 ut
1009 3545 1052 3599 ita
1075 3541 1171 3600 dicam
1194 3542 1286 3599 colle·

207 3629 295 3688 'ctivn
338 3627 449 3685 Notum
473 3631 519 3684 est
542 3627 680 3684 Calendis
703 3629 790 3684 Maiis
813 3627 989 3703 praecipuo
1006 3629 1119 3684 honore
1151 3627 1208 3684 coli
1232 3627 1284 3686 SS.

208 3713 372 3787 Apostolos
402 3712 574 3786 Philippum
604 3719 634 3770 et
663 3713 813 3773 Iacobum.
857 3713 952 3771 Ornat
978 3720 1136 3788 praeterea
1157 3715 1286 3788 primum

208 3797 287 3854 diem
308 3797 380 3855 Maii
403 3797 433 3856 S.
456 3797 637 3874 sigismundi
660 3800 805 3857 festivitas
829 3798 917 3866 (nunc
940 3787 971 3855 i'n
992 3799 1142 3856 nonnullis
1164 3801 1285 3873 provin-

209 3881 271 3951 ciis,
297 3885 380 3940 utin
402 3883 716 3958 DioecesiPragensi,
740 3885 778 3940 ad
801 3884 879 3942 diem
910 3885 1074 3941 secundum
1095 3881 1164 3941 Maii
1188 3891 1286 3942 truns-

207 3967 279 4035 lata)
303 3973 394 4042 atque
418 3970 447 4028 S.
459 3969 630 4044 Walpurgis
654 3973 803 4029 memoria.
849 3971 1020 4045 Sequentia,
1045 3971 1129 4026 cuius
1160 3971 1285 4025 mentio·

208 4071 277 4110 nem
298 4053 431 4122 fecimus,
455 4060 517 4111 tres
541 4055 746 4112 sollennitates
769 4074 827 4112 uno
851 4055 1016 4130 eodemque
1040 4059 1129 4112 cantu
1152 4057 1232 4112 canit
1255 4059 1286 4112 et

210 4138 349 4199 celebrat.
392 4125 585 4218 Παράλληλα
597 4146 666 4197 sunt
689 4143 818 4198 carmina
840 4143 869 4197 in
894 4142 927 4200 S.-
944 4141 1046 4198 Iacobi
1063 4139 1118 4216 Ap.
1140 4141 1286 4197 honorem

205 4223 338 4292 tondito,
361 4225 392 4282 iu
414 4225 523 4300 quibus
543 4227 684 4282 memoria
696 4227 803 4284 colitur
826 4227 854 4286 S.
867 4226 1084 4301 Christophori,
1109 4227 1159 4302 qui
1181 4225 1286 4283 itidem

207 4308 257 4370 die
278 4309 327 4370 25.
349 4310 415 4367 Iulii
437 4328 546 4384 passus
569 4317 624 4370 est.

646 4472 848 4484 nau-unu·-
