2788 5024
729 457 797 530 m

253 641 281 701 7.
297 641 354 699 Ubi
377 639 475 696 ductis
499 643 616 713 septem
638 641 723 697 annis
770 641 818 699 13.
835 641 908 710 Quia
930 643 1012 699 valet
1033 643 1148 699 Erasini

297 732 357 784 tam
394 728 424 784 in
460 726 578 799 hymnis
617 743 706 800 quam
739 728 769 782 in
833 729 959 785 virtutes
980 729 1056 786 sari?

588 812 721 884 psalmis,
831 830 890 868 non
913 815 991 870 eninr
1012 831 1067 887 per
1091 813 1204 886 linguae
1223 813 1279 869 ferri

341 901 501 955 revocatur
524 894 680 964 divinitns;
829 904 940 955 cuncta
961 904 1088 974 possent
1109 899 1217 955 referri.

257 1023 285 1080 8·
301 1019 356 1090 Cui
380 1021 540 1073 ⁰⁰⁰Urs¹¹¹¹l
562 1017 678 1084 infirmi,
775 1035 820 1096 14.
838 1035 865 1092 Α
887 1033 984 1094 iudice
1008 1037 1065 1096 alio
1090 1038 1261 1094 examinatur

301 1103 393 1170 caeci,
418 1101 525 1168 claudi,
549 1103 632 1170 muti,
657 1101 748 1170 surdi,
838 1127 868 1178 et
890 1113 1039 1179 tomenta
1061 1125 1234 1178 renovantur

340 1205 429 1262 opem
442 1192 571 1261 poscunt
584 1187 772 1262 singultibus.
838 1212 908 1264 ante
930 1208 1013 1265 illata
1035 1209 1167 1282 martyri,

259 1309 328 1369 9.Ο
351 1303 502 1407 lanianda
525 1309 639 1406 cunctis
662 1307 744 1365 horis
777 1343 823 1400 15·
840 1343 878 1399 Et
899 1350 971 1418 post
993 1345 1088 1403 multa

300 1394 471 1468 benignitas
495 1393 664 1461 salvatoris,

344 1483 428 1534 tanta
442 1483 601 1552 praestans
618 1477 769 1535 fidelibus!

1110 1345 1248 1418 supplicia

838 1430 976 1486 Christus
1000 1430 1075 1488 deus
1099 1431 1266 1503 sempiterna
1356 1475 1358 1480 .

834 1517 916 1573 vexit
937 1515 1022 1574 illum
1043 1515 1082 1574 ad
1105 1515 1232 1590 gaudia„

243 1599 288 1660 10.
304 1599 380 1656 Hinc
404 1616 422 1655 a
443 1599 544 1672 pravis
568 1603 748 1668 coarctatur,

302 1685 430 1742 Dioclcti
452 1690 673 1758 praesentatur,

345 1787 456 1844 ponere
480 1769 568 1826 thura
590 1767 686 1828 idalia.

776 1652 823 1711 16.
841 1652 897 1709 Ubi
933 1657 1014 1710 orat:
1063 1670 1138 1723 „me
1175 1653 1289 1726 quicum·

1132 1755 1190 1812 quc

836 1826 970 1897 petierit,
994 1823 1033 1879 da
1049 1822 1229 1890 mercedem,
1249 1820 1290 1876 do·

241 1892 288 1950 11.
303 1889 369 1962 Quo
391 1894 521 1964 negante
1054 1935 1057 1940 ,
1132 1902 1244 1966 mima

302 1974 391 2034 iudex
412 1981 538 2049 repente

302 2061 458 2118 Erasmum
480 2061 563 2118 iubet
585 2061 675 2118 variis
777 2045 823 2104 17.
839 2045 928 2120 Ergo,
953 2049 1056 2102 sancte
1072 2051 1161 2120 pater
1176 2045 1290 2110 Erasmc,

303 2148 437 2220 torqueri
460 2147 624 2220 suppliciis,
838 2133 868 2188 in
890 2129 1024 2188 adversis
1047 2149 1102 2187 nos
1125 2136 1218 2200 tuere,

242 2263 289 2326 12.
305 2266 440 2334 Plumbo,
465 2283 543 2335 cera,
841 2216 972 2291 dirigens
994 2233 1049 2304 1¹⁰?
1072 2234 1225 2291 ΡΐθθΡθῐθ.

271 2413 275 2419 ,
302 2354 380 2426 pice,
403 2353 503 2410 resina
777 2353 824 2412 18.
839 2353 879 2410 Ut
901 2353 1004 2410 clausa
1026 2355 1090 2412 vita
1115 2353 1194 2410 bono
1216 2353 1293 2410 simus

303 2438 437 2512 oleoque
460 2435 658 2511 perfunditur,
833 2443 933 2496 tecum
956 2441 1021 2496 sine
1043 2440 1102 2497 fine

305 2522 360 2580 sed
382 2527 496 2596 martyr
517 2541 576 2579 non
599 2524 736 2580 vincitur.
838 2523 997 2582 laudantes
1018 2525 1111 2582 filium
1133 2525 1252 2582 Mariae.

326 2677 416 2734 Monc
438 2678 457 2733 1.
483 2694 523 2734 c.:
554 2678 622 2733 Das·
642 2677 864 2752 Stroplteamass
892 2681 934 2734 ist
960 2697 1012 2735 von
1039 2679 1083 2734 30
1104 2697 1143 2734 aa
1166 2675 1232 2744 (ser.
1256 2671 1295 2738 11)

241 2763 406 2822 verdariae.
452 2763 629 2818 Diocletiano
657 2781 750 2836 Μαι
777 2763 830 2819 dae
858 2763 1019 2831 Verrmass,
1047 2764 1099 2819 der
1120 2763 1296 2821 Absclret'ler
1359 2769 1360 2772 ’

241 2855 347 2906 maeste
378 2849 468 2916 nicht,
496 2849 564 2904 dass
590 2847 750 2904 Diocletiana
780 2849 884 2906 uerter
910 2849 1025 2905 Diocles
1050 2849 1143 2916 laicos,
1171 2867 1229 2904 was
1255 2846 1297 2902 der

145 2927 151 2940 ’
241 2933 360 2991 Dichter
387 2933 537 2989 lateialaelr
565 2933 674 3006 fleetirt
698 2934 756 2989 luat.
804 2933 933 2991 lactant.
956 2938 1037 2990 mort.
1061 2951 1144 3010 pers.
1168 2933 1196 2992 9.
1225 2931 1297 3000 Quae

240 3019 311 3075 rnihi
340 3019 426 3074 nimis
455 3023 560 3091 argute
588 3019 706 3091 prolata
734 3017 881 3075 videntur.
923 3019 1013 3076 Haud
1040 3015 1112 3076 reru
1136 3019 1230 3074 simile
1251 3021 1296 3080 est,

240 3109 393 3162 auctorem
418 3104 555 3160 carminis
578 3110 662 3160 tanta
683 3104 798 3178 pollere
820 3103 1011 3161 historiarum
1031 3104 1181 3160 doctrina:
1205 3103 1259 3170 vel,
1278 3101 1298 3188 si

240 3190 348 3247 doctus
372 3193 445 3256 crat,
469 3207 528 3244 non
543 3189 730 3246 efformasset
744 3190 867 3245 sormam
889 3191 958 3248 Dio
969 3191 1071 3248 cleti.
1100 3189 1190 3258 Quod
1201 3193 1298 3259 ¹autern

149 3273 161 3325 Γ
227 3277 450 3350 ·grarissimum
466 3279 521 3342 est,
546 3275 575 3350 S.
592 3275 733 3332 Erasmus
749 3290 807 3330 non
823 3281 1034 3348 praesentetur
1049 3273 1155 3343 Diocli,
1172 3273 1227 3331 sed
1239 3273 1298 3328 Dio·

239 3362 367 3420 eletione
389 3361 569 3435 imperatori.

692 3488 793 3500 ...dm
825 3495 837 3498 ..
863 3494 876 3499 -

325 3599 394 3659 518.
441 3587 613 3670 [Romana
648 3553 759 3675 stirpe
797 3587 969 3670 Quiane
1002 3589 1227 3676 pr’ocrectur.
1271 3595 1298 3650 ln

187 3709 205 3737 υ
239 3685 528 3744 Translationc
552 3684 579 3739 S.
604 3681 766 3753 Quirini.
811 3683 952 3766 Theren.
976 3703 1004 3758 p.
1028 3683 1078 3741 57.
1106 3679 1257 3740 MonelII.
1276 3697 1300 3754 p.

237 3773 309 3831 488.
332 3770 402 3836 (He.
426 3787 463 3828 zu
485 3770 636 3827 Miinehen
659 3769 731 3828 clm.
758 3769 866 3828 14083.
893 3771 939 3828 11.
962 3764 1040 3841 Jh.)]

261 3893 287 3948 l.
311 3889 444 3946 Romana
468 3887 606 3958 Quirinus
630 3892 723 3964 stirpe
745 3894 931 3963 procreatus,

259 3978 287 4034 2.
310 3975 344 4032 In
366 3991 438 4032 vera
454 3973 572 4052 'Christi
593 3973 652 4032 fide
677 3975 783 4032 doetus
806 3975 968 4032 infantulus

258 4062 288 4120 8.
313 4061 445 4135 Antiqua
466 4060 572 4117 Martis
595 4060 674 4116 bella
697 4061 819 4136 sprevit,
843 4077 920 4117 nova
942 4061 1027 4134 petit,

257 4148 286 4204 4.
308 4146 422 4203 Vexilla
445 4147 542 4202 crucis
566 4148 677 4220 arripit,
701 4149 845 4204 victorem
867 4147 970 4202 mertis
993 4145 1074 4214 adiit,

257 4233 287 4291 5.
308 4232 347 4288 Et
369 4232 542 4288 calcetenus
566 4237 724 4306 spreverat
746 4233 909 4288 transitura
931 4231 1033 4288 mundi
1054 4230 1140 4297 bona,
1245 4260 1250 4266 ·

257 4317 286 4376 6.
309 4317 394 4386 Quae
417 4315 614 4392 possederat,¹
631 4316 764 4385 dederat,
788 4321 974 4374 mercaturus
996 4319 1149 4390 perpetua.

255 4402 284 4461 7.
307 4403 505 4460 Romuliaanti
524 4404 592 4478 regi
615 4419 796 4478 congressus
821 4404 982 4478 agonizans
1004 4402 1166 4466 victoriaat
