2772 5024
237 621 239 636 ι
297 587 347 648 Fit
368 593 456 664 porta
479 589 590 648 Christi
613 593 716 666 pervia
829 587 917 650 Nunc
928 590 1149 668 redemptorem
1160 595 1303 669 gentium,

238 675 277 736 10
319 675 442 732 Referta
463 677 553 750 plena
575 678 682 752 gretie,
854 676 959 734 Mundi
980 680 1100 736 venisse
1121 679 1290 748 Dominum,

319 760 499 838 Transitque
513 779 566 820 rex
582 767 612 820 et
626 780 742 838 perma-
769 763 809 822 35
854 762 1012 820 Redimere
1035 782 1111 839 quos
1135 764 1280 834 condidit,

538 852 590 904 net
824 887 828 903 t
853 849 973 906 Exultet
996 851 1090 906 omnis
1114 852 1220 908 anima.

320 931 430 990 Clausa
445 937 478 990 ut
492 933 548 990 fuit
561 951 616 1008 per
626 934 755 990 saeculo.

298 1049 399 1109 lienus
423 1054 544 1126 superni
566 1055 692 1110 numinis
831 1042 916 1112 Orbis
932 1071 1022 1130 quem
1038 1059 1121 1111 totus
1136 1073 1196 1112 non
1211 1058 1304 1130 capit,

318 1135 472 1195 Processit
493 1139 562 1194 aula
584 1140 715 1214 virginis,
855 1138 979 1196 Creator
1002 1142 1101 1197 cuncti
1124 1143 1256 1216 generis,

238 1221 275 1281 15
320 1222 466 1296 Sponsus,
481 1223 664 1300 redemptor,
681 1242 750 1282 con·
854 1224 888 1280 In
910 1229 971 1293 tue,
996 1231 1101 1282 sancta
1124 1228 1263 1301 genitrix,

540 1309 626 1377 ditor,
769 1309 811 1369 40
855 1310 929 1392 Sese
950 1311 1074 1368 reclusit
1096 1313 1221 1369 viscera.

320 1394 399 1452 Suae
421 1395 508 1470 gigas
532 1396 686 1452 ecclesiae.

297 1511 403 1573 Honor
424 1516 527 1571 matris
551 1519 581 1572 et
603 1515 753 1590 gaudium,
833 1511 997 1572 Praeconio
1020 1515 1156 1590 angelico

319 1599 468 1656 Immensa
479 1617 549 1677 spes
560 1599 752 1667 credentium,
853 1601 898 1656 De
922 1600 1060 1656 claustris
1083 1601 1282 1675 virginalibus

320 1684 379 1742 Per
401 1689 466 1740 stre
487 1687 591 1742 mortis
614 1685 723 1759 pocula
857 1686 986 1760 Virginis
1008 1687 1093 1760 virgo
1116 1691 1205 1742 natus
1229 1691 1288 1753 est,

236 1770 277 1829 20
320 1770 455 1828 Resolvit
477 1775 580 1826 nostra
603 1772 732 1827 crimina.
854 1769 1305 1840 Quiverbumcarofectumest.

266 1890 268 1898 ’
299 1887 365 1950 Iam
384 1907 470 1946 nemo
490 1895 561 1964 post
580 1891 655 1947 haec
670 1907 747 1948 mor·
769 1890 810 1948 45
833 1887 928 1952 Quem
950 1890 1041 1947 Pater
1063 1896 1132 1948 ente
1154 1895 1295 1964 tempora

541 1981 624 2033 tuus:
854 1977 936 2032 Deus'
958 1976 1116 2051 Deumque
1139 1977 1254 2050 genuit,

249 2119 252 2124 ,
321 2061 377 2119 Ubi
400 2061 539 2137 imbecilli
561 2079 596 2117 ac
619 2063 737 2130 mortui,
853 2061 959 2118 Matris
982 2061 1078 2116 almae
1100 2062 1260 2136 virginitas

321 2147 431 2204 Omnes
453 2147 535 2205 beati
557 2151 587 2202 et
608 2147 726 2221 perditi,
800 2192 803 2198 .
854 2145 1305 2220 Cumtemporepartumedidit.
1385 2154 1386 2159 ’

319 2231 769 2306 Laudatevestrumprincipem.

236 2351 275 2410 25
298 2351 389 2425 Lapis
413 2351 450 2407 de
472 2355 572 2406 monte
594 2353 725 2417 veniens,
831 2349 943 2409 Rorem
966 2349 1114 2406 dederunt
1135 2350 1271 2417 aethera,

320 2435 765 2511 Mundumquereplensgratia,
782 2435 823 2494 50
852 2437 1015 2512 Nubesque
1030 2437 1142 2492 iustum
1153 2435 1304 2502 fuderunt,

320 2521 415 2592 Quem
430 2539 489 2576 non
503 2523 673 2595 praecisum
688 2540 749 2578 ma·
851 2521 962 2578 Patens
986 2522 1103 2595 excepit
1124 2521 1285 2577 Dominum

540 2607 626 2664 nibus
854 2607 947 2663 Terra
970 2606 1098 2664 salutem
1121 2623 1282 2681 generans.

320 2693 412 2750 Vates
432 2693 543 2751 vetusti
565 2693 713 2749 nunciant.
871 2728 965 2783 Deest
987 2742 1045 2781 una
1068 2725 1203 2800 stropha,

298 2845 443 2906 litabilis
467 2849 637 2920 conceptio:
831 2845 952 2904 Tollcns
976 2849 1084 2902 cuneta
1106 2845 1242 2916 facinora

235 2932 276 2991 30
320 2932 471 2988 Christum
492 2931 645 3006 portendit
668 2931 754 2988 sobo·
852 2931 891 2986 Et
913 2929 1026 2987 donans
1046 2931 1152 2986 sancte
1171 2946 1304 2996 munera,

538 3015 620 3083 lem,
767 3015 807 3075 55
851 3016 1053 3090 Augmentum
1072 3017 1149 3072 lucis
1165 3015 1305 3080 afferens,

319 3101 360 3158 Ut
381 3103 465 3176 virgo
482 3106 601 3174 partum
620 3099 766 3168 funderet,
851 3101 998 3158 Tenebris
1015 3099 1155 3156 damnum
1165 3101 1305 3157 inferens.

319 3185 394 3242 Post
408 3191 527 3260 partum
542 3187 626 3262 uirgo
642 3187 769 3244 sisteret.
884 3220 950 3276 Non
972 3220 1053 3276 nulla
1076 3212 1194 3276 dem

674 3316 870 3326 ¹.-.-—-··.-------

494 3395 609 3466 Sacer·
634 3393 847 3463 octavarum
870 3397 955 3462 dies.
999 3404 1040 3460 M.

438 3499 471 3552 In
489 3497 707 3552 Circumcisione
725 3495 845 3548 Domini.
880 3497 963 3570 Brev.
976 3497 1098 3549 Arevali.

299 3613 390 3669 Sacer
414 3612 595 3677 Ceterarum
617 3609 682 3666 dies
704 3607 873 3666 Hodiernus
895 3609 1007 3676 rutilat,

299 3697 365 3774 Quo
389 3695 553 3754 secundum
575 3712 695 3752 carnem
717 3694 853 3750 Christus
877 3694 1076 3751 Circumcisus
1099 3691 1239 3751 traditur:

297 3783 380 3840 Patri
402 3800 461 3838 000
484 3782 654 3855 adoptione,
679 3778 740 3836 Sed
762 3783 961 3836 co-aeternus
985 3795 1108 3854 genere:

300 3903 411 3976 Spiritu
435 3901 602 3974 completur
624 3899 709 3956 alvus
732 3898 926 3972 Incorruptae
949 3897 1091 3971 Virginis:

256 3989 275 4047 5
299 3987 383 4057 Quae
405 3989 525 4062 pariens
547 3987 657 4041 mansit
680 4001 797 4058 semper
818 3983 908 4058 Virgo
932 4000 1022 4057 quem
1044 3999 1223 4057 puerperam

298 4071 446 4129 Illibatam
468 4071 657 4128 Genetricem
679 4069 783 4154 Proles
808 4073 921 4164 castam
944 4069 1043 4142 elegit.

297 4191 371 4248 Inde
394 4191 514 4248 Simeon
536 4188 725 4264 grandaevus
749 4188 849 4245 Ovans
871 4188 948 4244 ulnis
972 4187 1090 4260 accipit,

297 4277 522 4351 Amplexusque
544 4273 702 4332 ridebatur
725 4273 861 4330 Salutare
884 4273 1013 4330 Domini:
1094 4281 1102 4294 ‘

297 4362 428 4420 Resolve
449 4362 509 4418 inm
530 4377 608 4416 nunc
631 4361 662 4416 in
682 4375 758 4433 pace
780 4357 873 4417 Artus
896 4359 971 4416 istos
992 4357 1127 4433 fragiles.
