<?xml version="1.0" encoding="UTF-8"?>
<!DOCTYPE html PUBLIC "-//W3C//DTD XHTML 1.0 Transitional//EN"
    "http://www.w3.org/TR/xhtml1/DTD/xhtml1-transitional.dtd">
<html xmlns="http://www.w3.org/1999/xhtml" xml:lang="en" lang="en">
 <head>
  <title>
</title>
<meta http-equiv="Content-Type" content="text/html;charset=utf-8" />
  <meta name='ocr-system' content='tesseract 3.04.00' />
  <meta name='ocr-capabilities' content='ocr_page ocr_carea ocr_par ocr_line ocrx_word'/>
</head>
<body>
  <div class='ocr_page' id='page_1' title='image "./thesaurushymnol04danigoog/thesaurushymnol04danigoog_0115.png"; bbox 0 0 2772 5024; ppageno 0'>
   <div class='ocr_carea' id='block_1_1' title="bbox 168 616 1072 952">
    <p class='ocr_par' dir='ltr' id='par_1_1' title="bbox 168 616 999 773">
     <span class='ocr_line' id='line_1_1' title="bbox 168 616 999 695; baseline 0.002 -19"><span class='ocrx_word' id='word_1_1' title='bbox 168 619 266 690; x_wconf 84' lang='lat' dir='ltr'>Quem</span> <span class='ocrx_word' id='word_1_2' title='bbox 287 616 343 694; x_wconf 83' lang='lat' dir='ltr'>pro</span> <span class='ocrx_word' id='word_1_3' title='bbox 366 621 479 678; x_wconf 83' lang='lat' dir='ltr'>meritis</span> <span class='ocrx_word' id='word_1_4' title='bbox 502 619 640 692; x_wconf 73' lang='lat' dir='ltr'>Salvator</span> <span class='ocrx_word' id='word_1_5' title='bbox 661 621 798 694; x_wconf 84' lang='lat' dir='ltr'>provexit</span> <span class='ocrx_word' id='word_1_6' title='bbox 818 622 999 695; x_wconf 85' lang='lat' dir='ltr'>pontificem,</span> 
     </span>
     <span class='ocr_line' id='line_1_2' title="bbox 168 705 842 773; baseline 0 -11"><span class='ocrx_word' id='word_1_7' title='bbox 168 707 254 762; x_wconf 89' lang='lat' dir='ltr'>utin</span> <span class='ocrx_word' id='word_1_8' title='bbox 277 705 403 762; x_wconf 89' lang='lat' dir='ltr'>coelesti</span> <span class='ocrx_word' id='word_1_9' title='bbox 425 712 559 762; x_wconf 87' lang='lat' dir='ltr'>moneret</span> <span class='ocrx_word' id='word_1_10' title='bbox 582 707 707 764; x_wconf 87' lang='lat' dir='ltr'>clericos</span> <span class='ocrx_word' id='word_1_11' title='bbox 729 706 842 773; x_wconf 86' lang='lat' dir='ltr'>militia,</span> 
     </span>
    </p>

    <p class='ocr_par' dir='ltr' id='par_1_2' title="bbox 169 791 1072 952">
     <span class='ocr_line' id='line_1_3' title="bbox 169 791 1021 866; baseline 0.004 -19"><span class='ocrx_word' id='word_1_12' title='bbox 169 791 334 848; x_wconf 84' lang='lat' dir='ltr'>coelestem</span> <span class='ocrx_word' id='word_1_13' title='bbox 356 791 465 866; x_wconf 87' lang='lat' dir='ltr'>quibus</span> <span class='ocrx_word' id='word_1_14' title='bbox 479 807 634 847; x_wconf 41' lang='lat' dir='ltr'>,annonam</span> <span class='ocrx_word' id='word_1_15' title='bbox 657 799 764 866; x_wconf 80' lang='lat' dir='ltr'><strong>erogat</strong></span> <span class='ocrx_word' id='word_1_16' title='bbox 786 809 853 848; x_wconf 86' lang='lat' dir='ltr'>cum</span> <span class='ocrx_word' id='word_1_17' title='bbox 876 793 1021 861; x_wconf 81' lang='lat' dir='ltr'>vestibus,</span> 
     </span>
     <span class='ocr_line' id='line_1_4' title="bbox 170 875 1072 952; baseline 0.003 -20"><span class='ocrx_word' id='word_1_18' title='bbox 170 875 251 951; x_wconf 89' lang='lat' dir='ltr'>quod</span> <span class='ocrx_word' id='word_1_19' title='bbox 274 878 305 932; x_wconf 88' lang='lat' dir='ltr'>in</span> <span class='ocrx_word' id='word_1_20' title='bbox 328 875 436 933; x_wconf 84' lang='lat' dir='ltr'>divinis</span> <span class='ocrx_word' id='word_1_21' title='bbox 459 878 600 952; x_wconf 88' lang='lat' dir='ltr'>impletur</span> <span class='ocrx_word' id='word_1_22' title='bbox 622 879 809 951; x_wconf 74' lang='lat' dir='ltr'>sacratisque</span> <span class='ocrx_word' id='word_1_23' title='bbox 832 878 980 934; x_wconf 84' lang='lat' dir='ltr'>affatibus.</span> <span class='ocrx_word' id='word_1_24' title='bbox 1065 885 1072 900; x_wconf 81' lang='lat'><em>⁶</em></span> 
     </span>
    </p>
   </div>
   <div class='ocr_carea' id='block_1_2' title="bbox 19 993 1110 1328">
    <p class='ocr_par' dir='ltr' id='par_1_3' title="bbox 19 993 1110 1328">
     <span class='ocr_line' id='line_1_5' title="bbox 19 993 951 1071; baseline 0.001 -18"><span class='ocrx_word' id='word_1_25' title='bbox 19 1057 23 1068; x_wconf 64' lang='grc'><strong>,</strong></span> <span class='ocrx_word' id='word_1_26' title='bbox 103 995 146 1054; x_wconf 81' lang='grc'>65</span> <span class='ocrx_word' id='word_1_27' title='bbox 168 993 261 1070; x_wconf 83' lang='lat' dir='ltr'>Regis</span> <span class='ocrx_word' id='word_1_28' title='bbox 284 997 406 1052; x_wconf 84' lang='lat' dir='ltr'>nuntius</span> <span class='ocrx_word' id='word_1_29' title='bbox 428 997 557 1052; x_wconf 85' lang='lat' dir='ltr'>invitans</span> <span class='ocrx_word' id='word_1_30' title='bbox 581 996 738 1052; x_wconf 89' lang='lat' dir='ltr'>credentes</span> <span class='ocrx_word' id='word_1_31' title='bbox 762 996 800 1052; x_wconf 86' lang='lat' dir='ltr'>ad</span> <span class='ocrx_word' id='word_1_32' title='bbox 822 999 951 1071; x_wconf 84' lang='lat' dir='ltr'>nuptias,</span> 
     </span>
     <span class='ocr_line' id='line_1_6' title="bbox 169 1081 877 1156; baseline -0.003 -20"><span class='ocrx_word' id='word_1_33' title='bbox 169 1083 220 1156; x_wconf 89' lang='lat' dir='ltr'>qui</span> <span class='ocrx_word' id='word_1_34' title='bbox 243 1087 366 1137; x_wconf 88' lang='lat' dir='ltr'>ornatur</span> <span class='ocrx_word' id='word_1_35' title='bbox 387 1083 565 1138; x_wconf 79' lang='lat' dir='ltr'>vestimento</span> <span class='ocrx_word' id='word_1_36' title='bbox 589 1083 714 1156; x_wconf 80' lang='lat' dir='ltr'>nuptiali</span> <span class='ocrx_word' id='word_1_37' title='bbox 736 1081 877 1151; x_wconf 60' lang='lat' dir='ltr'>indutus„</span> 
     </span>
     <span class='ocr_line' id='line_1_7' title="bbox 169 1165 990 1240; baseline 0.004 -18"><span class='ocrx_word' id='word_1_38' title='bbox 169 1168 220 1240; x_wconf 89' lang='lat' dir='ltr'>qui</span> <span class='ocrx_word' id='word_1_39' title='bbox 243 1165 377 1222; x_wconf 88' lang='lat' dir='ltr'>coeleste</span> <span class='ocrx_word' id='word_1_40' title='bbox 399 1167 498 1224; x_wconf 89' lang='lat' dir='ltr'>haurit</span> <span class='ocrx_word' id='word_1_41' title='bbox 521 1169 620 1224; x_wconf 90' lang='lat' dir='ltr'>vinum</span> <span class='ocrx_word' id='word_1_42' title='bbox 641 1169 671 1222; x_wconf 88' lang='lat' dir='ltr'>in</span> <span class='ocrx_word' id='word_1_43' title='bbox 694 1169 775 1224; x_wconf 85' lang='lat' dir='ltr'>vasis</span> <span class='ocrx_word' id='word_1_44' title='bbox 800 1169 990 1238; x_wconf 89' lang='lat' dir='ltr'>coelestibus,</span> 
     </span>
     <span class='ocr_line' id='line_1_8' title="bbox 88 1252 1110 1328; baseline -0.002 -16"><span class='ocrx_word' id='word_1_45' title='bbox 88 1275 127 1312; x_wconf 87' lang='lat'>.·</span> <span class='ocrx_word' id='word_1_46' title='bbox 168 1253 392 1326; x_wconf 82' lang='lat' dir='ltr'>propinansque</span> <span class='ocrx_word' id='word_1_47' title='bbox 414 1252 469 1308; x_wconf 90' lang='lat' dir='ltr'>Dei</span> <span class='ocrx_word' id='word_1_48' title='bbox 492 1252 610 1326; x_wconf 87' lang='lat' dir='ltr'>plebem</span> <span class='ocrx_word' id='word_1_49' title='bbox 634 1253 767 1326; x_wconf 90' lang='lat' dir='ltr'>spiritale</span> <span class='ocrx_word' id='word_1_50' title='bbox 790 1253 938 1328; x_wconf 88' lang='lat' dir='ltr'>poculum.</span> <span class='ocrx_word' id='word_1_51' title='bbox 1003 1271 1006 1276; x_wconf 84' lang='lat'>·</span> <span class='ocrx_word' id='word_1_52' title='bbox 1098 1297 1110 1310; x_wconf 35' lang='lat' dir='ltr'>a</span> 
     </span>
    </p>
   </div>
   <div class='ocr_carea' id='block_1_3' title="bbox 87 1371 1057 1700">
    <p class='ocr_par' dir='ltr' id='par_1_4' title="bbox 87 1371 969 1442">
     <span class='ocr_line' id='line_1_9' title="bbox 87 1371 969 1442; baseline 0.002 -14"><span class='ocrx_word' id='word_1_53' title='bbox 87 1415 92 1420; x_wconf 88' lang='lat'><strong><em>.</em></strong></span> <span class='ocrx_word' id='word_1_54' title='bbox 169 1371 294 1428; x_wconf 86' lang='lat' dir='ltr'>Sacrum</span> <span class='ocrx_word' id='word_1_55' title='bbox 316 1373 430 1430; x_wconf 84' lang='lat' dir='ltr'>invenit</span> <span class='ocrx_word' id='word_1_56' title='bbox 451 1372 627 1430; x_wconf 84' lang='lat' dir='ltr'>thesaurum</span> <span class='ocrx_word' id='word_1_57' title='bbox 650 1389 736 1435; x_wconf 86' lang='lat' dir='ltr'>sacro</span> <span class='ocrx_word' id='word_1_58' title='bbox 758 1373 788 1428; x_wconf 92' lang='lat' dir='ltr'>in</span> <span class='ocrx_word' id='word_1_59' title='bbox 811 1373 969 1442; x_wconf 85' lang='lat' dir='ltr'>volumine,</span> 
     </span>
    </p>

    <p class='ocr_par' dir='ltr' id='par_1_5' title="bbox 101 1457 1057 1700">
     <span class='ocr_line' id='line_1_10' title="bbox 101 1457 893 1532; baseline 0 -17"><span class='ocrx_word' id='word_1_60' title='bbox 101 1457 146 1516; x_wconf 82' lang='lat'>70</span> <span class='ocrx_word' id='word_1_61' title='bbox 169 1457 394 1531; x_wconf 84' lang='lat' dir='ltr'>Salvatorisque</span> <span class='ocrx_word' id='word_1_62' title='bbox 417 1459 559 1514; x_wconf 72' lang='lat' dir='ltr'>in-came</span> <span class='ocrx_word' id='word_1_63' title='bbox 583 1457 725 1516; x_wconf 80' lang='lat' dir='ltr'>deitatem</span> <span class='ocrx_word' id='word_1_64' title='bbox 747 1457 893 1532; x_wconf 88' lang='lat' dir='ltr'>pervidet,</span> 
     </span>
     <span class='ocr_line' id='line_1_11' title="bbox 169 1543 1057 1618; baseline 0.005 -20"><span class='ocrx_word' id='word_1_65' title='bbox 169 1559 258 1616; x_wconf 90' lang='lat' dir='ltr'>quern</span> <span class='ocrx_word' id='word_1_66' title='bbox 282 1543 457 1600; x_wconf 86' lang='lat' dir='ltr'>thesaurum</span> <span class='ocrx_word' id='word_1_67' title='bbox 479 1545 550 1600; x_wconf 88' lang='lat' dir='ltr'>emit</span> <span class='ocrx_word' id='word_1_68' title='bbox 572 1546 684 1600; x_wconf 86' lang='lat' dir='ltr'>sanctis</span> <span class='ocrx_word' id='word_1_69' title='bbox 706 1544 909 1618; x_wconf 82' lang='lat' dir='ltr'>perfectisque</span> <span class='ocrx_word' id='word_1_70' title='bbox 933 1547 1057 1614; x_wconf 87' lang='lat' dir='ltr'>meritis;</span> 
     </span>
     <span class='ocr_line' id='line_1_12' title="bbox 168 1627 928 1700; baseline 0 -14"><span class='ocrx_word' id='word_1_71' title='bbox 168 1627 287 1700; x_wconf 77' lang='lat' dir='ltr'>Israhel</span> <span class='ocrx_word' id='word_1_72' title='bbox 308 1635 434 1685; x_wconf 83' lang='lat' dir='ltr'>vocatur</span> <span class='ocrx_word' id='word_1_73' title='bbox 456 1628 544 1686; x_wconf 86' lang='lat' dir='ltr'>huius</span> <span class='ocrx_word' id='word_1_74' title='bbox 567 1631 673 1697; x_wconf 87' lang='lat' dir='ltr'>anima,</span> <span class='ocrx_word' id='word_1_75' title='bbox 697 1629 802 1686; x_wconf 87' lang='lat' dir='ltr'>videns</span> <span class='ocrx_word' id='word_1_76' title='bbox 824 1629 928 1686; x_wconf 85' lang='lat' dir='ltr'>Deum.</span> 
     </span>
    </p>
   </div>
   <div class='ocr_carea' id='block_1_4' title="bbox 102 1746 1046 2078">
    <p class='ocr_par' dir='ltr' id='par_1_6' title="bbox 167 1746 902 1902">
     <span class='ocr_line' id='line_1_13' title="bbox 167 1746 847 1823; baseline 0.003 -21"><span class='ocrx_word' id='word_1_77' title='bbox 167 1747 268 1802; x_wconf 85' lang='lat' dir='ltr'>Testis</span> <span class='ocrx_word' id='word_1_78' title='bbox 291 1747 407 1803; x_wconf 88' lang='lat' dir='ltr'>Domini</span> <span class='ocrx_word' id='word_1_79' title='bbox 429 1746 525 1803; x_wconf 85' lang='lat' dir='ltr'>fidelis</span> <span class='ocrx_word' id='word_1_80' title='bbox 547 1749 577 1804; x_wconf 92' lang='lat' dir='ltr'>in</span> <span class='ocrx_word' id='word_1_81' title='bbox 599 1749 667 1823; x_wconf 85' lang='lat' dir='ltr'>lege</span> <span class='ocrx_word' id='word_1_82' title='bbox 691 1748 847 1816; x_wconf 85' lang='lat' dir='ltr'>catholica,</span> 
     </span>
     <span class='ocr_line' id='line_1_14' title="bbox 169 1831 902 1902; baseline 0.003 -14"><span class='ocrx_word' id='word_1_83' title='bbox 169 1835 254 1888; x_wconf 86' lang='lat' dir='ltr'>cuins</span> <span class='ocrx_word' id='word_1_84' title='bbox 278 1832 369 1890; x_wconf 82' lang='lat' dir='ltr'>verbe</span> <span class='ocrx_word' id='word_1_85' title='bbox 393 1838 461 1889; x_wconf 91' lang='lat' dir='ltr'>sunt</span> <span class='ocrx_word' id='word_1_86' title='bbox 484 1833 590 1890; x_wconf 86' lang='lat' dir='ltr'>divinis</span> <span class='ocrx_word' id='word_1_87' title='bbox 613 1831 740 1890; x_wconf 88' lang='lat' dir='ltr'>candida</span> <span class='ocrx_word' id='word_1_88' title='bbox 763 1833 902 1902; x_wconf 88' lang='lat' dir='ltr'>oraculis,</span> 
     </span>
    </p>

    <p class='ocr_par' dir='ltr' id='par_1_7' title="bbox 102 1913 1046 2078">
     <span class='ocr_line' id='line_1_15' title="bbox 102 1913 1046 1994; baseline 0 -18"><span class='ocrx_word' id='word_1_89' title='bbox 102 1919 145 1976; x_wconf 83' lang='lat'>75</span> <span class='ocrx_word' id='word_1_90' title='bbox 167 1935 206 1974; x_wconf 88' lang='lat' dir='ltr'>ne</span> <span class='ocrx_word' id='word_1_91' title='bbox 227 1918 375 1973; x_wconf 86' lang='lat' dir='ltr'>humanae</span> <span class='ocrx_word' id='word_1_92' title='bbox 398 1923 523 1991; x_wconf 84' lang='lat' dir='ltr'>puteant</span> <span class='ocrx_word' id='word_1_93' title='bbox 547 1935 652 1976; x_wconf 86' lang='lat' dir='ltr'>carnes</span> <span class='ocrx_word' id='word_1_94' title='bbox 675 1936 825 1994; x_wconf 89' lang='lat' dir='ltr'>aesaeque</span> <span class='ocrx_word' id='word_1_95' title='bbox 848 1935 866 1974; x_wconf 90' lang='lat' dir='ltr'>a</span> <span class='ocrx_word' id='word_1_96' title='bbox 888 1913 1046 1988; x_wconf 71' lang='lat' dir='ltr'>vermibus,</span> 
     </span>
     <span class='ocr_line' id='line_1_16' title="bbox 168 2001 933 2078; baseline 0 -19"><span class='ocrx_word' id='word_1_97' title='bbox 168 2001 223 2059; x_wconf 88' lang='lat' dir='ltr'>sed</span> <span class='ocrx_word' id='word_1_98' title='bbox 246 2004 370 2060; x_wconf 88' lang='lat' dir='ltr'>coelesti</span> <span class='ocrx_word' id='word_1_99' title='bbox 394 2004 564 2078; x_wconf 82' lang='lat' dir='ltr'>allegantur</span> <span class='ocrx_word' id='word_1_100' title='bbox 587 2021 694 2078; x_wconf 85' lang='lat' dir='ltr'>sapore</span> <span class='ocrx_word' id='word_1_101' title='bbox 717 2004 933 2061; x_wconf 84' lang='lat' dir='ltr'>ad.victimarn.</span> 
     </span>
    </p>
   </div>
   <div class='ocr_carea' id='block_1_5' title="bbox 101 2104 1106 2456">
    <p class='ocr_par' dir='ltr' id='par_1_8' title="bbox 101 2104 1106 2456">
     <span class='ocr_line' id='line_1_17' title="bbox 168 2104 869 2198; baseline 0.001 -19"><span class='ocrx_word' id='word_1_102' title='bbox 168 2124 264 2179; x_wconf 87' lang='lat' dir='ltr'>Verus</span> <span class='ocrx_word' id='word_1_103' title='bbox 288 2124 385 2180; x_wconf 91' lang='lat' dir='ltr'>cultor</span> <span class='ocrx_word' id='word_1_104' title='bbox 408 2130 438 2179; x_wconf 91' lang='lat' dir='ltr'>et</span> <span class='ocrx_word' id='word_1_105' title='bbox 460 2125 584 2198; x_wconf 80' lang='lat' dir='ltr'>insignis</span> <span class='ocrx_word' id='word_1_106' title='bbox 607 2104 672 2198; x_wconf 74' lang='lat' dir='ltr'>agri</span> <span class='ocrx_word' id='word_1_107' title='bbox 696 2123 869 2197; x_wconf 83' lang='lat' dir='ltr'>evangelici,</span> 
     </span>
     <span class='ocr_line' id='line_1_18' title="bbox 168 2208 870 2283; baseline 0 -19"><span class='ocrx_word' id='word_1_108' title='bbox 168 2210 253 2264; x_wconf 89' lang='lat' dir='ltr'>euius</span> <span class='ocrx_word' id='word_1_109' title='bbox 277 2210 390 2264; x_wconf 90' lang='lat' dir='ltr'>semina</span> <span class='ocrx_word' id='word_1_110' title='bbox 411 2208 549 2266; x_wconf 85' lang='lat' dir='ltr'>videntur</span> <span class='ocrx_word' id='word_1_111' title='bbox 572 2209 682 2268; x_wconf 81' lang='lat' dir='ltr'>Christi</span> <span class='ocrx_word' id='word_1_112' title='bbox 706 2209 870 2283; x_wconf 79' lang='lat' dir='ltr'>evangelia,</span> 
     </span>
     <span class='ocr_line' id='line_1_19' title="bbox 168 2292 895 2368; baseline 0.003 -20"><span class='ocrx_word' id='word_1_113' title='bbox 168 2295 220 2368; x_wconf 92' lang='lat' dir='ltr'>qui</span> <span class='ocrx_word' id='word_1_114' title='bbox 243 2292 341 2350; x_wconf 83' lang='lat' dir='ltr'>divino</span> <span class='ocrx_word' id='word_1_115' title='bbox 366 2296 438 2350; x_wconf 88' lang='lat' dir='ltr'>serit</span> <span class='ocrx_word' id='word_1_116' title='bbox 460 2310 511 2364; x_wconf 80' lang='lat' dir='ltr'>ore</span> <span class='ocrx_word' id='word_1_117' title='bbox 534 2297 562 2350; x_wconf 92' lang='lat' dir='ltr'>in</span> <span class='ocrx_word' id='word_1_118' title='bbox 586 2311 673 2350; x_wconf 88' lang='lat' dir='ltr'>aures</span> <span class='ocrx_word' id='word_1_119' title='bbox 696 2293 895 2368; x_wconf 86' lang='lat' dir='ltr'>prudentium,</span> 
     </span>
     <span class='ocr_line' id='line_1_20' title="bbox 101 2379 1106 2456; baseline 0 -19"><span class='ocrx_word' id='word_1_120' title='bbox 101 2380 143 2437; x_wconf 88' lang='grc'>80</span> <span class='ocrx_word' id='word_1_121' title='bbox 167 2397 293 2454; x_wconf 89' lang='lat' dir='ltr'>quorum</span> <span class='ocrx_word' id='word_1_122' title='bbox 316 2397 436 2454; x_wconf 91' lang='lat' dir='ltr'>quoque</span> <span class='ocrx_word' id='word_1_123' title='bbox 460 2379 550 2435; x_wconf 85' lang='lat' dir='ltr'>corda</span> <span class='ocrx_word' id='word_1_124' title='bbox 572 2397 607 2436; x_wconf 89' lang='lat' dir='ltr'>ac</span> <span class='ocrx_word' id='word_1_125' title='bbox 630 2387 745 2436; x_wconf 89' lang='lat' dir='ltr'>mentes</span> <span class='ocrx_word' id='word_1_126' title='bbox 770 2386 873 2436; x_wconf 86' lang='lat' dir='ltr'>sancto</span> <span class='ocrx_word' id='word_1_127' title='bbox 897 2386 962 2438; x_wconf 86' lang='lat' dir='ltr'>arat</span> <span class='ocrx_word' id='word_1_128' title='bbox 985 2381 1106 2456; x_wconf 86' lang='lat' dir='ltr'>Spiritu.</span> 
     </span>
    </p>
   </div>
   <div class='ocr_carea' id='block_1_6' title="bbox 165 2499 977 2812">
    <p class='ocr_par' dir='ltr' id='par_1_9' title="bbox 165 2499 977 2812">
     <span class='ocr_line' id='line_1_21' title="bbox 166 2499 918 2572; baseline 0.004 -18"><span class='ocrx_word' id='word_1_129' title='bbox 166 2499 286 2554; x_wconf 84' lang='lat' dir='ltr'>Xristns</span> <span class='ocrx_word' id='word_1_130' title='bbox 309 2499 391 2554; x_wconf 88' lang='lat' dir='ltr'>illurn</span> <span class='ocrx_word' id='word_1_131' title='bbox 415 2499 469 2554; x_wconf 88' lang='lat' dir='ltr'>sibi</span> <span class='ocrx_word' id='word_1_132' title='bbox 492 2499 584 2572; x_wconf 84' lang='lat' dir='ltr'>clegit</span> <span class='ocrx_word' id='word_1_133' title='bbox 605 2501 634 2554; x_wconf 94' lang='lat' dir='ltr'>in</span> <span class='ocrx_word' id='word_1_134' title='bbox 658 2501 744 2555; x_wconf 87' lang='lat' dir='ltr'>terris</span> <span class='ocrx_word' id='word_1_135' title='bbox 767 2501 918 2569; x_wconf 87' lang='lat' dir='ltr'>vicarium,</span> 
     </span>
     <span class='ocr_line' id='line_1_22' title="bbox 166 2577 862 2658; baseline 0.003 -20"><span class='ocrx_word' id='word_1_136' title='bbox 166 2577 279 2658; x_wconf 85' lang='lat' dir='ltr'>quide</span> <span class='ocrx_word' id='word_1_137' title='bbox 302 2586 420 2658; x_wconf 85' lang='lat' dir='ltr'>gemino</span> <span class='ocrx_word' id='word_1_138' title='bbox 444 2586 579 2658; x_wconf 85' lang='lat' dir='ltr'>captivos</span> <span class='ocrx_word' id='word_1_139' title='bbox 603 2584 710 2640; x_wconf 86' lang='lat' dir='ltr'>liberat</span> <span class='ocrx_word' id='word_1_140' title='bbox 732 2587 862 2653; x_wconf 89' lang='lat' dir='ltr'>servitio,</span> 
     </span>
     <span class='ocr_line' id='line_1_23' title="bbox 165 2668 977 2747; baseline 0.004 -23"><span class='ocrx_word' id='word_1_141' title='bbox 165 2670 329 2747; x_wconf 84' lang='lat' dir='ltr'>plerosque</span> <span class='ocrx_word' id='word_1_142' title='bbox 352 2669 388 2725; x_wconf 88' lang='lat' dir='ltr'>de</span> <span class='ocrx_word' id='word_1_143' title='bbox 412 2671 555 2726; x_wconf 86' lang='lat' dir='ltr'>servitute</span> <span class='ocrx_word' id='word_1_144' title='bbox 579 2687 655 2745; x_wconf 85' lang='lat' dir='ltr'>quos</span> <span class='ocrx_word' id='word_1_145' title='bbox 677 2668 804 2726; x_wconf 87' lang='lat' dir='ltr'>redemit</span> <span class='ocrx_word' id='word_1_146' title='bbox 826 2671 977 2727; x_wconf 89' lang='lat' dir='ltr'>hominum</span> 
     </span>
     <span class='ocr_line' id='line_1_24' title="bbox 165 2754 835 2812; baseline 0 -2"><span class='ocrx_word' id='word_1_147' title='bbox 165 2757 336 2810; x_wconf 90' lang='lat' dir='ltr'>innumeros</span> <span class='ocrx_word' id='word_1_148' title='bbox 360 2754 396 2810; x_wconf 89' lang='lat' dir='ltr'>de</span> <span class='ocrx_word' id='word_1_149' title='bbox 420 2755 524 2812; x_wconf 85' lang='lat' dir='ltr'>Zabuli</span> <span class='ocrx_word' id='word_1_150' title='bbox 546 2755 675 2812; x_wconf 85' lang='lat' dir='ltr'>absolvit</span> <span class='ocrx_word' id='word_1_151' title='bbox 697 2755 835 2812; x_wconf 89' lang='lat' dir='ltr'>dominio.</span> 
     </span>
    </p>
   </div>
   <div class='ocr_carea' id='block_1_7' title="bbox 103 2874 997 3207">
    <p class='ocr_par' dir='ltr' id='par_1_10' title="bbox 103 2874 997 3207">
     <span class='ocr_line' id='line_1_25' title="bbox 103 2874 997 2950; baseline -0.003 -15"><span class='ocrx_word' id='word_1_152' title='bbox 103 2876 141 2936; x_wconf 83' lang='lat'>85</span> <span class='ocrx_word' id='word_1_153' title='bbox 166 2874 278 2932; x_wconf 87' lang='lat' dir='ltr'>Ymnos</span> <span class='ocrx_word' id='word_1_154' title='bbox 302 2892 370 2930; x_wconf 90' lang='lat' dir='ltr'>cum</span> <span class='ocrx_word' id='word_1_155' title='bbox 385 2875 571 2949; x_wconf 85' lang='lat' dir='ltr'>Apocalypsi</span> <span class='ocrx_word' id='word_1_156' title='bbox 592 2876 787 2950; x_wconf 88' lang='lat' dir='ltr'>psalmosque</span> <span class='ocrx_word' id='word_1_157' title='bbox 810 2879 912 2932; x_wconf 86' lang='lat' dir='ltr'>cantat</span> <span class='ocrx_word' id='word_1_158' title='bbox 933 2875 997 2942; x_wconf 89' lang='lat' dir='ltr'>Dei,</span> 
     </span>
     <span class='ocr_line' id='line_1_26' title="bbox 166 2959 988 3036; baseline 0.002 -20"><span class='ocrx_word' id='word_1_159' title='bbox 166 2977 305 3036; x_wconf 88' lang='lat' dir='ltr'>quosque</span> <span class='ocrx_word' id='word_1_160' title='bbox 328 2959 366 3018; x_wconf 88' lang='lat' dir='ltr'>ad</span> <span class='ocrx_word' id='word_1_161' title='bbox 389 2959 605 3018; x_wconf 81' lang='lat' dir='ltr'>aedificandum</span> <span class='ocrx_word' id='word_1_162' title='bbox 627 2961 682 3018; x_wconf 91' lang='lat' dir='ltr'>Dei</span> <span class='ocrx_word' id='word_1_163' title='bbox 704 2967 815 3017; x_wconf 88' lang='lat' dir='ltr'>tractat</span> <span class='ocrx_word' id='word_1_164' title='bbox 836 2962 988 3036; x_wconf 89' lang='lat' dir='ltr'>populum,</span> 
     </span>
     <span class='ocr_line' id='line_1_27' title="bbox 166 3044 961 3120; baseline 0.001 -18"><span class='ocrx_word' id='word_1_165' title='bbox 166 3057 266 3120; x_wconf 66' lang='lat' dir='ltr'>quam·</span> <span class='ocrx_word' id='word_1_166' title='bbox 279 3045 377 3120; x_wconf 84' lang='lat' dir='ltr'>legem</span> <span class='ocrx_word' id='word_1_167' title='bbox 399 3048 428 3102; x_wconf 93' lang='lat' dir='ltr'>iu</span> <span class='ocrx_word' id='word_1_168' title='bbox 451 3044 595 3102; x_wconf 86' lang='lat' dir='ltr'>Trinitate</span> <span class='ocrx_word' id='word_1_169' title='bbox 619 3049 696 3103; x_wconf 86' lang='lat' dir='ltr'>sacri</span> <span class='ocrx_word' id='word_1_170' title='bbox 720 3046 814 3103; x_wconf 90' lang='lat' dir='ltr'>credit</span> <span class='ocrx_word' id='word_1_171' title='bbox 836 3049 961 3103; x_wconf 89' lang='lat' dir='ltr'>nominis</span> 
     </span>
     <span class='ocr_line' id='line_1_28' title="bbox 165 3131 994 3207; baseline 0.001 -20"><span class='ocrx_word' id='word_1_172' title='bbox 165 3131 322 3206; x_wconf 88' lang='lat' dir='ltr'>tribusque</span> <span class='ocrx_word' id='word_1_173' title='bbox 344 3133 482 3206; x_wconf 87' lang='lat' dir='ltr'>personis</span> <span class='ocrx_word' id='word_1_174' title='bbox 504 3149 593 3188; x_wconf 91' lang='lat' dir='ltr'>unam</span> <span class='ocrx_word' id='word_1_175' title='bbox 616 3131 764 3207; x_wconf 87' lang='lat' dir='ltr'>docetque</span> <span class='ocrx_word' id='word_1_176' title='bbox 788 3131 994 3196; x_wconf 84' lang='lat' dir='ltr'>substantiam.</span> 
     </span>
    </p>
   </div>
   <div class='ocr_carea' id='block_1_8' title="bbox 104 3250 974 3582">
    <p class='ocr_par' dir='ltr' id='par_1_11' title="bbox 104 3250 965 3406">
     <span class='ocr_line' id='line_1_29' title="bbox 165 3250 965 3326; baseline 0.003 -20"><span class='ocrx_word' id='word_1_177' title='bbox 165 3251 249 3306; x_wconf 89' lang='lat' dir='ltr'>Zona</span> <span class='ocrx_word' id='word_1_178' title='bbox 270 3251 386 3314; x_wconf 88' lang='lat' dir='ltr'>Domini</span> <span class='ocrx_word' id='word_1_179' title='bbox 408 3253 609 3326; x_wconf 84' lang='lat' dir='ltr'>praecinctus,</span> <span class='ocrx_word' id='word_1_180' title='bbox 633 3250 738 3308; x_wconf 88' lang='lat' dir='ltr'>diebus</span> <span class='ocrx_word' id='word_1_181' title='bbox 760 3269 795 3308; x_wconf 85' lang='lat' dir='ltr'>sc</span> <span class='ocrx_word' id='word_1_182' title='bbox 818 3253 965 3321; x_wconf 90' lang='lat' dir='ltr'>noctibus,</span> 
     </span>
     <span class='ocr_line' id='line_1_30' title="bbox 104 3335 861 3406; baseline 0.003 -14"><span class='ocrx_word' id='word_1_183' title='bbox 104 3335 144 3392; x_wconf 77' lang='lat' dir='ltr'>to</span> <span class='ocrx_word' id='word_1_184' title='bbox 167 3337 230 3392; x_wconf 93' lang='lat' dir='ltr'>sine</span> <span class='ocrx_word' id='word_1_185' title='bbox 253 3337 471 3394; x_wconf 87' lang='lat' dir='ltr'>intermissione</span> <span class='ocrx_word' id='word_1_186' title='bbox 493 3337 588 3394; x_wconf 89' lang='lat' dir='ltr'>Deum</span> <span class='ocrx_word' id='word_1_187' title='bbox 609 3343 674 3394; x_wconf 88' lang='lat' dir='ltr'>orat</span> <span class='ocrx_word' id='word_1_188' title='bbox 695 3338 861 3406; x_wconf 88' lang='lat' dir='ltr'>Dominum,</span> 
     </span>
    </p>

    <p class='ocr_par' dir='ltr' id='par_1_12' title="bbox 167 3421 942 3498">
     <span class='ocr_line' id='line_1_31' title="bbox 167 3421 942 3498; baseline 0.009 -22"><span class='ocrx_word' id='word_1_189' title='bbox 167 3421 250 3478; x_wconf 88' lang='lat' dir='ltr'>cuius</span> <span class='ocrx_word' id='word_1_190' title='bbox 274 3423 404 3496; x_wconf 80' lang='lat' dir='ltr'>ingentis</span> <span class='ocrx_word' id='word_1_191' title='bbox 425 3422 536 3480; x_wconf 85' lang='lat' dir='ltr'>laboris</span> <span class='ocrx_word' id='word_1_192' title='bbox 557 3428 756 3497; x_wconf 87' lang='lat' dir='ltr'>percepturus</span> <span class='ocrx_word' id='word_1_193' title='bbox 778 3424 942 3498; x_wconf 86' lang='lat' dir='ltr'>praemium</span> 
     </span>
    </p>

    <p class='ocr_par' dir='ltr' id='par_1_13' title="bbox 166 3507 974 3582">
     <span class='ocr_line' id='line_1_32' title="bbox 166 3507 974 3582; baseline 0.002 -20"><span class='ocrx_word' id='word_1_194' title='bbox 166 3513 234 3562; x_wconf 83' lang='lat' dir='ltr'>cum</span> <span class='ocrx_word' id='word_1_195' title='bbox 257 3508 402 3581; x_wconf 84' lang='lat' dir='ltr'>apostolis</span> <span class='ocrx_word' id='word_1_196' title='bbox 425 3507 563 3582; x_wconf 82' lang='lat' dir='ltr'>regnabit</span> <span class='ocrx_word' id='word_1_197' title='bbox 587 3508 714 3565; x_wconf 87' lang='lat' dir='ltr'>Sanctus</span> <span class='ocrx_word' id='word_1_198' title='bbox 739 3526 829 3582; x_wconf 89' lang='lat' dir='ltr'>super</span> <span class='ocrx_word' id='word_1_199' title='bbox 851 3507 974 3565; x_wconf 85' lang='lat' dir='ltr'>Israhel.</span> 
     </span>
    </p>
   </div>
   <div class='ocr_carea' id='block_1_9' title="bbox 108 3623 1035 3967">
    <p class='ocr_par' dir='ltr' id='par_1_14' title="bbox 166 3623 1035 3702">
     <span class='ocr_line' id='line_1_33' title="bbox 166 3623 1035 3702; baseline 0.002 -21"><span class='ocrx_word' id='word_1_200' title='bbox 166 3623 314 3682; x_wconf 86' lang='lat' dir='ltr'>Patricius</span> <span class='ocrx_word' id='word_1_201' title='bbox 336 3629 496 3702; x_wconf 87' lang='lat' dir='ltr'>episcopus</span> <span class='ocrx_word' id='word_1_202' title='bbox 520 3633 585 3684; x_wconf 92' lang='lat' dir='ltr'>oret</span> <span class='ocrx_word' id='word_1_203' title='bbox 606 3645 661 3701; x_wconf 89' lang='lat' dir='ltr'>pro</span> <span class='ocrx_word' id='word_1_204' title='bbox 684 3626 770 3684; x_wconf 84' lang='lat' dir='ltr'>nobis</span> <span class='ocrx_word' id='word_1_205' title='bbox 794 3627 938 3696; x_wconf 88' lang='lat' dir='ltr'>omnibus,</span> <span class='ocrx_word' id='word_1_206' title='bbox 1032 3681 1035 3696; x_wconf 60' lang='lat'><em>„</em></span> 
     </span>
    </p>

    <p class='ocr_par' dir='ltr' id='par_1_15' title="bbox 108 3710 1015 3874">
     <span class='ocr_line' id='line_1_34' title="bbox 167 3710 1015 3788; baseline 0.006 -23"><span class='ocrx_word' id='word_1_207' title='bbox 167 3717 199 3766; x_wconf 91' lang='lat' dir='ltr'>ut</span> <span class='ocrx_word' id='word_1_208' title='bbox 221 3710 377 3773; x_wconf 82' lang='lat' dir='ltr'>deleantur</span> <span class='ocrx_word' id='word_1_209' title='bbox 398 3715 534 3787; x_wconf 86' lang='lat' dir='ltr'>protinus</span> <span class='ocrx_word' id='word_1_210' title='bbox 544 3720 681 3786; x_wconf 42' lang='lat' dir='ltr'>&#39;peccata</span> <span class='ocrx_word' id='word_1_211' title='bbox 703 3729 781 3788; x_wconf 87' lang='lat' dir='ltr'>quae</span> <span class='ocrx_word' id='word_1_212' title='bbox 804 3715 1015 3782; x_wconf 84' lang='lat' dir='ltr'>commisimus,</span> 
     </span>
     <span class='ocr_line' id='line_1_35' title="bbox 108 3791 719 3874; baseline 0.007 -24"><span class='ocrx_word' id='word_1_213' title='bbox 108 3791 145 3850; x_wconf 81' lang='grc'>95</span> <span class='ocrx_word' id='word_1_214' title='bbox 166 3794 286 3858; x_wconf 88' lang='lat' dir='ltr'>Patricii</span> <span class='ocrx_word' id='word_1_215' title='bbox 309 3796 414 3855; x_wconf 86' lang='lat' dir='ltr'>laudes</span> <span class='ocrx_word' id='word_1_216' title='bbox 435 3815 554 3874; x_wconf 85' lang='lat' dir='ltr'>semper</span> <span class='ocrx_word' id='word_1_217' title='bbox 577 3798 719 3866; x_wconf 85' lang='lat' dir='ltr'>dicamus,</span> 
     </span>
    </p>

    <p class='ocr_par' dir='ltr' id='par_1_16' title="bbox 167 3884 750 3967">
     <span class='ocr_line' id='line_1_36' title="bbox 167 3884 750 3967; baseline 0.007 -31"><span class='ocrx_word' id='word_1_218' title='bbox 167 3887 199 3936; x_wconf 90' lang='lat' dir='ltr'>ut</span> <span class='ocrx_word' id='word_1_219' title='bbox 219 3900 275 3938; x_wconf 91' lang='lat' dir='ltr'>nos</span> <span class='ocrx_word' id='word_1_220' title='bbox 299 3899 366 3967; x_wconf 82' lang='lat' dir='ltr'>cuni</span> <span class='ocrx_word' id='word_1_221' title='bbox 386 3884 438 3942; x_wconf 91' lang='lat' dir='ltr'>illo</span> <span class='ocrx_word' id='word_1_222' title='bbox 463 3902 581 3958; x_wconf 90' lang='lat' dir='ltr'>semper</span> <span class='ocrx_word' id='word_1_223' title='bbox 602 3885 750 3942; x_wconf 82' lang='lat' dir='ltr'>vivamus!</span> 
     </span>
    </p>
   </div>
   <div class='ocr_carea' id='block_1_10' title="bbox 90 4035 1261 4201">
    <p class='ocr_par' dir='ltr' id='par_1_17' title="bbox 90 4035 1261 4201">
     <span class='ocr_line' id='line_1_37' title="bbox 170 4035 1254 4116; baseline 0.004 -24"><span class='ocrx_word' id='word_1_224' title='bbox 170 4035 215 4093; x_wconf 81' lang='lat'>1⁰.</span> <span class='ocrx_word' id='word_1_225' title='bbox 238 4036 285 4093; x_wconf 92' lang='lat' dir='ltr'>Du</span> <span class='ocrx_word' id='word_1_226' title='bbox 308 4035 395 4094; x_wconf 73' lang='lat' dir='ltr'>Meril</span> <span class='ocrx_word' id='word_1_227' title='bbox 426 4037 597 4112; x_wconf 87' lang='lat' dir='ltr'>suspicatur</span> <span class='ocrx_word' id='word_1_228' title='bbox 626 4053 745 4114; x_wconf 87' lang='lat' dir='ltr'>snper</span> <span class='ocrx_word' id='word_1_229' title='bbox 775 4055 892 4116; x_wconf 89' lang='lat' dir='ltr'>quem.</span> <span class='ocrx_word' id='word_1_230' title='bbox 937 4039 992 4100; x_wconf 83' lang='lat' dir='ltr'>Vel</span> <span class='ocrx_word' id='word_1_231' title='bbox 1013 4043 1071 4111; x_wconf 85' lang='lat' dir='ltr'>ita,</span> <span class='ocrx_word' id='word_1_232' title='bbox 1101 4042 1160 4101; x_wconf 77' lang='lat' dir='ltr'>vel&#39;</span> <span class='ocrx_word' id='word_1_233' title='bbox 1250 4089 1254 4096; x_wconf 93' lang='lat'>.</span> 
     </span>
     <span class='ocr_line' id='line_1_38' title="bbox 90 4123 1261 4201; baseline 0.012 -30"><span class='ocrx_word' id='word_1_234' title='bbox 90 4131 330 4196; x_wconf 88' lang='lat' dir='ltr'>superquam</span> <span class='ocrx_word' id='word_1_235' title='bbox 354 4141 395 4179; x_wconf 91' lang='lat' dir='ltr'>sc.</span> <span class='ocrx_word' id='word_1_236' title='bbox 418 4123 515 4180; x_wconf 88' lang='lat' dir='ltr'>fidem.</span> <span class='ocrx_word' id='word_1_237' title='bbox 564 4126 610 4181; x_wconf 89' lang='lat' dir='ltr'>ll.</span> <span class='ocrx_word' id='word_1_238' title='bbox 634 4125 669 4181; x_wconf 91' lang='lat' dir='ltr'>D.</span> <span class='ocrx_word' id='word_1_239' title='bbox 692 4127 828 4184; x_wconf 88' lang='lat' dir='ltr'>inclusit:</span> <span class='ocrx_word' id='word_1_240' title='bbox 867 4128 1148 4201; x_wconf 84' lang='lat' dir='ltr'>apostolatum.</span> <span class='ocrx_word' id='word_1_241' title='bbox 1259 4135 1261 4140; x_wconf 83' lang='grc'>’</span> 
     </span>
    </p>
   </div>
   <div class='ocr_carea' id='block_1_11' title="bbox 88 4197 1151 4466">
    <p class='ocr_par' dir='ltr' id='par_1_18' title="bbox 88 4197 1151 4466">
     <span class='ocr_line' id='line_1_39' title="bbox 88 4197 1150 4286; baseline 0.013 -32"><span class='ocrx_word' id='word_1_242' title='bbox 88 4197 237 4280; x_wconf 86' lang='lat' dir='ltr'>Utcunque</span> <span class='ocrx_word' id='word_1_243' title='bbox 260 4213 308 4264; x_wconf 89' lang='lat' dir='ltr'>est</span> <span class='ocrx_word' id='word_1_244' title='bbox 330 4210 502 4266; x_wconf 87' lang='lat' dir='ltr'>sortitur</span> <span class='ocrx_word' id='word_1_245' title='bbox 523 4211 644 4282; x_wconf 79' lang='lat' dir='ltr'>passive</span> <span class='ocrx_word' id='word_1_246' title='bbox 666 4211 881 4286; x_wconf 86' lang='lat' dir='ltr'>accipiendum.</span> <span class='ocrx_word' id='word_1_247' title='bbox 904 4213 954 4274; x_wconf 77' lang='lat'>23.</span> <span class='ocrx_word' id='word_1_248' title='bbox 971 4213 1005 4268; x_wconf 90' lang='lat' dir='ltr'>D.</span> <span class='ocrx_word' id='word_1_249' title='bbox 1023 4215 1150 4269; x_wconf 87' lang='lat' dir='ltr'>coniecit</span> 
     </span>
     <span class='ocr_line' id='line_1_40' title="bbox 88 4281 1151 4382; baseline 0.009 -40"><span class='ocrx_word' id='word_1_250' title='bbox 88 4281 213 4359; x_wconf 86' lang='lat' dir='ltr'>Deum,</span> <span class='ocrx_word' id='word_1_251' title='bbox 236 4292 292 4349; x_wconf 87' lang='lat' dir='ltr'>sed</span> <span class='ocrx_word' id='word_1_252' title='bbox 314 4296 404 4350; x_wconf 86' lang='lat' dir='ltr'>etiam</span> <span class='ocrx_word' id='word_1_253' title='bbox 419 4295 488 4352; x_wconf 79' lang='lat' dir='ltr'>ferri</span> <span class='ocrx_word' id='word_1_254' title='bbox 503 4301 607 4368; x_wconf 87' lang='lat' dir='ltr'>potest</span> <span class='ocrx_word' id='word_1_255' title='bbox 621 4297 700 4352; x_wconf 89' lang='lat' dir='ltr'>Dei.</span> <span class='ocrx_word' id='word_1_256' title='bbox 745 4297 903 4356; x_wconf 81' lang='lat' dir='ltr'>Praedisat</span> <span class='ocrx_word' id='word_1_257' title='bbox 926 4305 957 4354; x_wconf 92' lang='lat' dir='ltr'>ct</span> <span class='ocrx_word' id='word_1_258' title='bbox 982 4296 1081 4382; x_wconf 72' lang='lat' dir='ltr'>verbis</span> <span class='ocrx_word' id='word_1_259' title='bbox 1097 4297 1151 4353; x_wconf 82' lang='lat' dir='ltr'>Dei</span> 
     </span>
     <span class='ocr_line' id='line_1_41' title="bbox 92 4373 1150 4466; baseline 0.018 -43"><span class='ocrx_word' id='word_1_260' title='bbox 92 4373 120 4425; x_wconf 87' lang='lat' dir='ltr'>et</span> <span class='ocrx_word' id='word_1_261' title='bbox 139 4373 219 4432; x_wconf 83' lang='lat' dir='ltr'>iactis</span> <span class='ocrx_word' id='word_1_262' title='bbox 235 4379 299 4447; x_wconf 83' lang='lat' dir='ltr'>Dei,</span> <span class='ocrx_word' id='word_1_263' title='bbox 322 4381 340 4436; x_wconf 94' lang='lat' dir='ltr'>i.</span> <span class='ocrx_word' id='word_1_264' title='bbox 358 4396 383 4436; x_wconf 91' lang='lat' dir='ltr'>e.</span> <span class='ocrx_word' id='word_1_265' title='bbox 406 4382 468 4438; x_wconf 86' lang='lat' dir='ltr'>vita</span> <span class='ocrx_word' id='word_1_266' title='bbox 491 4381 662 4438; x_wconf 86' lang='lat' dir='ltr'>christiana.</span> <span class='ocrx_word' id='word_1_267' title='bbox 707 4382 799 4466; x_wconf 80' lang='lat' dir='ltr'>Immo</span> <span class='ocrx_word' id='word_1_268' title='bbox 823 4386 874 4458; x_wconf 88' lang='lat' dir='ltr'>qui</span> <span class='ocrx_word' id='word_1_269' title='bbox 897 4387 1063 4459; x_wconf 88' lang='lat' dir='ltr'>sequuntur</span> <span class='ocrx_word' id='word_1_270' title='bbox 1085 4399 1150 4442; x_wconf 85' lang='lat' dir='ltr'>ver·</span> 
     </span>
    </p>
   </div>
   <div class='ocr_carea' id='block_1_12' title="bbox 0 0 1390 5024">
    <p class='ocr_par' dir='ltr' id='par_1_19' title="bbox 0 0 1390 5024">
     <span class='ocr_line' id='line_1_42' title="bbox 0 0 1390 5024; baseline 0 0"><span class='ocrx_word' id='word_1_271' title='bbox 0 0 1390 5024; x_wconf 95' lang='lat' dir='ltr'> </span> 
     </span>
    </p>
   </div>
  </div>
 </body>
</html>
