2848 5030
290 549 353 606 Iam
374 547 404 604 in
427 531 603 623 quaestiduc
626 551 687 606 tam
709 546 821 604 difficili
844 548 869 602 si
892 551 991 604 tamen
1020 547 1185 622 periculum
1207 549 1279 605 faci-

207 651 273 692 mus
295 633 401 691 indicis
424 635 654 709 sequentiarum
677 633 842 690 aNotkero
864 632 899 688 Β.
924 635 1156 708 compositarum
1171 631 1280 709 dispo·

206 719 304 788 nendi,
327 722 357 777 in
380 737 416 776 eo
440 737 531 794 opere
552 719 608 776 has
633 721 784 795 sequimur
806 719 904 793 leges:

295 807 320 862 1.
343 804 425 862 Perii
447 804 541 861 codex
571 811 602 862 et
625 805 849 863 San-Callensis
872 803 933 860 No.
964 801 1035 862 378.
1078 803 1203 862 Notlreri
1227 805 1279 874 Se:

208 891 345 967 quentias
369 889 558 947 authenticas
574 892 736 958 continent,
759 890 867 966 quibus
884 887 1032 946 accedunt
1046 891 1167 963 spuriae
1189 891 1278 947 alter·

206 978 301 1032 utrius
324 975 391 1032 libri
413 977 559 1050 propriae.
596 975 676 1033 Nulli
693 977 875 1051 Sequentiae
897 974 1079 1032 Notlreriaua
1102 977 1186 1050 origo
1209 990 1279 1032 con-

208 1061 351 1130 cedenda,
375 1077 452 1136 quae
475 1063 540 1117 non'
557 1061 710 1118 amborum
732 1061 869 1118 codicum
890 1062 931 1116 sit
952 1062 1133 1129 communis,
1161 1060 1278 1118 duabus

208 1149 357 1222 exceptis:
379 1145 524 1203 Laudes
547 1149 720 1203 concinat
743 1152 774 1204 et
800 1147 973 1204 Dominus
1002 1147 1037 1202 in
1067 1146 1169 1214 Sina,
1189 1161 1278 1220 ‘quae

206 1235 273 1307 ipsa
294 1235 324 1288 in
345 1231 469 1288 Notlreri
491 1232 626 1305 Epistola
649 1231 902 1288 commendantur.

296 1319 324 1376 2.
349 1317 415 1386 Quo
439 1315 605 1392 expeditius
635 1317 881 1393 commodiusque
912 1316 1022 1373 cedunt
1045 1317 1226 1392 sequentiae
1248 1318 1279 1373 in

208 1405 353 1462 festorum
373 1404 528 1470 rationem,
553 1420 588 1459 eo
612 1404 719 1459 iustius
742 1403 933 1460 authenticae
956 1401 1113 1458 habentur.

293 1489 321 1546 3.
343 1489 423 1544 Nihil
438 1492 485 1544 est
500 1487 582 1564 quod
596 1489 787 1562 persuadeat,
803 1487 967 1544 Notkerum
982 1489 1012 1544 in
1022 1485 1144 1564 aliquod
1158 1489 1278 1555 festum,

209 1575 341 1652 exceptis
371 1575 500 1630 fortasse
530 1576 652 1630 summis
683 1575 830 1631 ecclesiae
867 1573 1079 1632 festivitatibus
1110 1573 1279 1648 complures

209 1659 387 1736 Sequentias
410 1659 527 1716 secisse.

292 1745 320 1804 4.
342 1743 541 1802 authenticae
564 1746 744 1819 Sequentiae
767 1745 967 1802 Notlrerianae
988 1744 1166 1820 plerumque
1188 1761 1280 1820 pecu·
1376 1741 1384 1767 “’
1406 1775 1407 1782 .

204 1829 297 1893 liores
319 1830 422 1886 titulos
445 1829 565 1898 habeut,
589 1836 619 1886 et
641 1833 771 1888 musicos
801 1829 906 1888 modos
930 1847 1000 1886 suos
1023 1831 1198 1904 posterioris
1223 1831 1279 1888 ori·

208 1917 285 1994 ginis
305 1917 473 1992 sequentiis
504 1915 738 1976 commodavere.
783 1916 940 1974 Contraria
967 1917 1083 1975 ratione
1114 1917 1280 1977 certissima
1368 1995 1372 2005 .

208 2002 337 2076 suspicio
361 2006 505 2058 movetur.
572 2016 576 2027 ·
604 2071 606 2076 Ι

676 2086 767 2144 Liber
789 2087 810 2143 I.

178 2245 185 2252 -
297 2208 322 2262 1.
343 2199 461 2262 Natus
487 2210 572 2262 ante
596 2208 754 2264 saecula.
797 2207 895 2264 Nativ.
916 2205 1001 2263 Dom.
1029 2205 1094 2264 Tit:
1117 2205 1189 2262 Dies
1213 2221 1281 2262 sau·

209 2293 357 2348 stificatus
388 2307 416 2365 p.
447 2291 495 2350 36.
541 2293 570 2349 2.
600 2291 666 2348 Eia
695 2293 911 2349 recolamus.
969 2291 1067 2350 Nativ.
1098 2292 1182 2348 Dom.
1205 2287 1278 2348 Tit:
1331 2328 1340 2344 .

207 2375 262 2434 Eia
290 2380 396 2433 turma:
447 2377 474 2434 3.
505 2377 604 2433 Hanc
636 2377 806 2434 concordi
837 2378 1024 2434 famulatu.
1071 2377 1174 2451 Steph.
1206 2375 1279 2433 Tit:

209 2461 385 2520 Concordia.
430 2463 458 2518 1.
480 2461 632 2520 Ioannes
663 2463 747 2520 Iesu
777 2463 922 2520 Christi.
946 2462 1102 2519 Ioanunes.
1124 2463 1198 2518 Tit:
1221 2461 1278 2518 Ro·

208 2565 303 2604 mana.
349 2547 377 2606 5.
400 2547 502 2602 Laus
525 2547 597 2604 tibi
621 2547 788 2605 Christe.
812 2549 930 2604 lnnocc.
953 2547 1024 2604 Tit:
1049 2547 1092 2604 Te
1108 2552 1281 2622 martyrum.

209 2633 237 2691 o.
269 2633 387 2691 Festa
417 2633 568 2688 Christi
598 2635 715 2690 omnis
746 2633 1032 2690 christianitas
1067 2633 1173 2707 Epiph.
1205 2633 1279 2689 Tit:

208 2718 347 2775 Trinitas.
382 2717 422 2774 r.
441 2718 647 2775 ’Concentu
670 2720 799 2792 parili.
824 2718 941 2775 Purific.
966 2719 1040 2776 Tit:
1066 2719 1283 2792 Symphonia„

668 2848 758 2946 Liber
779 2887 816 2946 H.

294 3009 322 3066 8.
345 3007 500 3065 Laudes
525 3009 731 3066 salvatori.
756 3007 1100 3084 Paschsl'itafrigdola.
1138 3008 1167 3067 9.
1192 3007 1281 3065 Pan-

209 3111 341 3170 gamus
366 3095 549 3151 creatori.
572 3093 680 3151 Pasch.
697 3095 770 3150 Tit:
787 3093 893 3151 Mater.
936 3095 982 3152 10.
1006 3092 1280 3170 Agnipascha-

207 3181 260 3237 lis
290 3197 365 3236 esu.
395 3179 502 3237 Pasoh.
533 3179 606 3239 Tit:
639 3179 763 3238 Graeca:
817 3181 863 3236 11.
898 3179 1037 3236 Grates
1069 3179 1279 3237 salvatori.

207 3263 412 3322 PaschTit:
442 3265 507 3322 Duo
538 3269 609 3322 tres.
656 3264 1279 3325 12.LaudesDominoconcinat
1348 3320 1351 3326 ,
1406 3287 1407 3294 ¹

211 3349 259 3424 13..
284 3351 474 3426 Summum
496 3351 730 3428 triumphum
752 3353 872 3426 regis.
895 3348 1021 3407 Ascens.
1046 3349 1119 3408 iit:
1144 3351 1279 3425 Captiva.

211 3435 258 3494 11.
283 3435 466 3494 Christus
489 3436 586 3493 hunc
610 3435 713 3493 diem.
738 3435 809 3492 Tit:
833 3437 976 3492 Dominus
998 3437 1027 3492 in
1051 3437 1130 3494 Sina.
1249 3515 1253 3520 ἱ

625 3639 646 3677 7
664 3606 755 3663 Liber
775 3605 827 3662 III.

296 3707 488 3767 15.Sancti
512 3710 673 3783 Spiritus
696 3708 910 3766 assitnobis
934 3710 1061 3784 gratia.
1084 3707 1206 3768 Pentec.
1234 3707 1280 3766 lii.

208 3796 334 3854 Sancti
354 3795 559 3869 Baptistae.
582 3793 683 3851 Ioann.
699 3795 770 3862 Tit:
794 3793 895 3852 Iustus
911 3800 945 3850 ut
959 3795 1067 3868 palma,
1084 3796 1186 3864 maior.
1234 3791 1281 3850 17.

207 3880 315 3938 Patre
339 3897 470 3936 summe
494 3881 633 3936 Christi
654 3885 794 3954 pastor.
818 3879 898 3936 Pctr.
922 3879 1005 3934 Paul.
1023 3874 1280 3936 Tit'Concordia.

210 3967 257 4024 18.
279 3967 455 4022 Laurenti
477 3965 601 4023 David.
618 3966 706 4022 Laur.
745 3965 791 4024 19.
809 3962 1049 4039 Congaudent
1063 3965 1282 4040 angelorum

208 4051 318 4108 chori.
342 4051 496 4126 assumpt.
513 4050 583 4108 Tit:
599 4051 741 4108 Romana.
785 4051 835 4109 20.
858 4049 1024 4124 Magnum
1046 4049 1280 4106 Michaelem.

205 4137 296 4194 Mich.
364 4139 414 4196 21.
438 4137 579 4192 Dilecta
608 4137 757 4193 Domino
781 4135 897 4192 Galle.
922 4135 998 4192 Gall.
1064 4136 1113 4194 22.
1138 4134 1283 4191 Psallat

206 4222 375 4280 ecclesia.
406 4221 508 4278 Dedic.
556 4222 760 4280 autumnas
791 4221 991 4294 Seraphim.
1021 4220 1105 4278 Omn.
1133 4219 1186 4278 SS.
1232 4219 1281 4304 21.

207 4307 442 4366 Sacerdotem
472 4307 616 4364 Christi
638 4307 838 4363 Martinum.
869 4305 958 4362 Mart.
1002 4305 1052 4364 25.
1078 4305 1183 4364 Clare
1206 4321 1283 4362 sau-
