<?xml version="1.0" encoding="UTF-8"?>
<!DOCTYPE html PUBLIC "-//W3C//DTD XHTML 1.0 Transitional//EN"
    "http://www.w3.org/TR/xhtml1/DTD/xhtml1-transitional.dtd">
<html xmlns="http://www.w3.org/1999/xhtml" xml:lang="en" lang="en">
 <head>
  <title>
</title>
<meta http-equiv="Content-Type" content="text/html;charset=utf-8" />
  <meta name='ocr-system' content='tesseract 3.04.00' />
  <meta name='ocr-capabilities' content='ocr_page ocr_carea ocr_par ocr_line ocrx_word'/>
</head>
<body>
  <div class='ocr_page' id='page_1' title='image "./thesaurushymnol04danigoog/thesaurushymnol04danigoog_0124.png"; bbox 0 0 2772 5024; ppageno 0'>
   <div class='ocr_carea' id='block_1_1' title="bbox 733 379 812 460">
    <p class='ocr_par' dir='ltr' id='par_1_1' title="bbox 733 379 812 460">
     <span class='ocr_line' id='line_1_1' title="bbox 733 379 812 460; baseline -0.025 -1"><span class='ocrx_word' id='word_1_1' title='bbox 733 379 812 460; x_wconf 62' lang='grc' dir='ltr'>,Μ</span> 
     </span>
    </p>
   </div>
   <div class='ocr_carea' id='block_1_2' title="bbox 655 568 951 600">
    <p class='ocr_par' dir='ltr' id='par_1_2' title="bbox 655 568 951 600">
     <span class='ocr_line' id='line_1_2' title="bbox 655 568 951 600; baseline 0 0"><span class='ocrx_word' id='word_1_2' title='bbox 655 569 670 600; x_wconf 66' lang='lat' dir='ltr'>‘l‘</span> <span class='ocrx_word' id='word_1_3' title='bbox 778 569 791 599; x_wconf 73' lang='lat' dir='ltr'>’l‘</span> <span class='ocrx_word' id='word_1_4' title='bbox 899 568 912 600; x_wconf 57' lang='grc' dir='ltr'><em>ὴ</em></span> <span class='ocrx_word' id='word_1_5' title='bbox 949 569 951 572; x_wconf 84' lang='grc'><strong>“</strong></span> 
     </span>
    </p>
   </div>
   <div class='ocr_carea' id='block_1_3' title="bbox 213 611 1203 904">
    <p class='ocr_par' dir='ltr' id='par_1_3' title="bbox 213 611 1203 904">
     <span class='ocr_line' id='line_1_3' title="bbox 213 611 1203 736; baseline -0.003 -19"><span class='ocrx_word' id='word_1_6' title='bbox 213 659 215 673; x_wconf 86' lang='grc'><strong>“</strong></span> <span class='ocrx_word' id='word_1_7' title='bbox 273 611 312 720; x_wconf 74' lang='lat' dir='ltr'>lo</span> <span class='ocrx_word' id='word_1_8' title='bbox 333 657 418 725; x_wconf 89' lang='lat' dir='ltr'>Hinc,</span> <span class='ocrx_word' id='word_1_9' title='bbox 442 659 532 725; x_wconf 89' lang='lat' dir='ltr'>Deus,</span> <span class='ocrx_word' id='word_1_10' title='bbox 556 663 586 713; x_wconf 89' lang='lat' dir='ltr'>te</span> <span class='ocrx_word' id='word_1_11' title='bbox 610 655 812 730; x_wconf 84' lang='lat' dir='ltr'>supplicamus</span> <span class='ocrx_word' id='word_1_12' title='bbox 834 653 874 713; x_wconf 90' lang='lat' dir='ltr'>Ut</span> <span class='ocrx_word' id='word_1_13' title='bbox 894 660 1055 730; x_wconf 86' lang='lat' dir='ltr'>precantes</span> <span class='ocrx_word' id='word_1_14' title='bbox 1078 656 1203 736; x_wconf 86' lang='lat' dir='ltr'>audias,</span> 
     </span>
     <span class='ocr_line' id='line_1_4' title="bbox 334 739 1135 810; baseline -0.004 -9"><span class='ocrx_word' id='word_1_15' title='bbox 334 743 418 801; x_wconf 85' lang='lat' dir='ltr'>Pelle</span> <span class='ocrx_word' id='word_1_16' title='bbox 440 743 569 810; x_wconf 86' lang='lat' dir='ltr'>morbos,</span> <span class='ocrx_word' id='word_1_17' title='bbox 593 743 676 798; x_wconf 86' lang='lat' dir='ltr'>solve</span> <span class='ocrx_word' id='word_1_18' title='bbox 698 741 796 799; x_wconf 86' lang='lat' dir='ltr'>vincla</span> <span class='ocrx_word' id='word_1_19' title='bbox 817 739 856 797; x_wconf 88' lang='lat' dir='ltr'>Et</span> <span class='ocrx_word' id='word_1_20' title='bbox 877 741 978 798; x_wconf 84' lang='lat' dir='ltr'>relaxa</span> <span class='ocrx_word' id='word_1_21' title='bbox 1001 743 1135 798; x_wconf 82' lang='lat' dir='ltr'>erimina:</span> 
     </span>
     <span class='ocr_line' id='line_1_5' title="bbox 335 827 1070 904; baseline -0.001 -19"><span class='ocrx_word' id='word_1_22' title='bbox 335 829 435 904; x_wconf 80' lang='lat' dir='ltr'><strong>Atque</strong></span> <span class='ocrx_word' id='word_1_23' title='bbox 456 829 552 885; x_wconf 89' lang='lat' dir='ltr'>illaesi</span> <span class='ocrx_word' id='word_1_24' title='bbox 574 828 704 884; x_wconf 82' lang='lat' dir='ltr'>iirturam</span> <span class='ocrx_word' id='word_1_25' title='bbox 725 827 912 902; x_wconf 78' lang='lat' dir='ltr'>Appetanrus</span> <span class='ocrx_word' id='word_1_26' title='bbox 934 829 1070 901; x_wconf 84' lang='lat' dir='ltr'>patriam.</span> 
     </span>
    </p>
   </div>
   <div class='ocr_carea' id='block_1_4' title="bbox 275 947 1200 1194">
    <p class='ocr_par' dir='ltr' id='par_1_4' title="bbox 275 947 1200 1194">
     <span class='ocr_line' id='line_1_6' title="bbox 335 947 1054 1010; baseline -0.004 -6"><span class='ocrx_word' id='word_1_27' title='bbox 335 947 468 1010; x_wconf 85' lang='lat' dir='ltr'>Nominis</span> <span class='ocrx_word' id='word_1_28' title='bbox 492 950 534 1004; x_wconf 93' lang='lat' dir='ltr'>tui</span> <span class='ocrx_word' id='word_1_29' title='bbox 557 964 688 1004; x_wconf 86' lang='lat' dir='ltr'>amorem</span> <span class='ocrx_word' id='word_1_30' title='bbox 709 947 755 1004; x_wconf 90' lang='lat' dir='ltr'>Da</span> <span class='ocrx_word' id='word_1_31' title='bbox 777 947 836 1003; x_wconf 90' lang='lat' dir='ltr'>tuis</span> <span class='ocrx_word' id='word_1_32' title='bbox 859 948 888 1002; x_wconf 94' lang='lat' dir='ltr'>in</span> <span class='ocrx_word' id='word_1_33' title='bbox 912 947 1054 1004; x_wconf 85' lang='lat' dir='ltr'>servulis:</span> 
     </span>
     <span class='ocr_line' id='line_1_7' title="bbox 335 1033 1095 1107; baseline -0.004 -16"><span class='ocrx_word' id='word_1_34' title='bbox 335 1033 513 1107; x_wconf 88' lang='lat' dir='ltr'>Temporale</span> <span class='ocrx_word' id='word_1_35' title='bbox 535 1034 577 1089; x_wconf 93' lang='lat' dir='ltr'>nil</span> <span class='ocrx_word' id='word_1_36' title='bbox 599 1049 740 1100; x_wconf 90' lang='lat' dir='ltr'>amemus,</span> <span class='ocrx_word' id='word_1_37' title='bbox 764 1033 930 1106; x_wconf 84' lang='lat' dir='ltr'>Diligamus</span> <span class='ocrx_word' id='word_1_38' title='bbox 952 1033 1095 1089; x_wconf 81' lang='lat' dir='ltr'>invicem:</span> 
     </span>
     <span class='ocr_line' id='line_1_8' title="bbox 275 1117 1200 1194; baseline -0.005 -16"><span class='ocrx_word' id='word_1_39' title='bbox 275 1119 311 1178; x_wconf 85' lang='lat'>15</span> <span class='ocrx_word' id='word_1_40' title='bbox 335 1119 378 1178; x_wconf 89' lang='lat' dir='ltr'>Te</span> <span class='ocrx_word' id='word_1_41' title='bbox 402 1137 570 1194; x_wconf 87' lang='lat' dir='ltr'>sequamur,</span> <span class='ocrx_word' id='word_1_42' title='bbox 593 1124 624 1174; x_wconf 92' lang='lat' dir='ltr'>te</span> <span class='ocrx_word' id='word_1_43' title='bbox 647 1134 798 1185; x_wconf 88' lang='lat' dir='ltr'>canamus,</span> <span class='ocrx_word' id='word_1_44' title='bbox 822 1117 865 1172; x_wconf 86' lang='lat' dir='ltr'>Te</span> <span class='ocrx_word' id='word_1_45' title='bbox 888 1117 1020 1174; x_wconf 83' lang='lat' dir='ltr'>fruamur</span> <span class='ocrx_word' id='word_1_46' title='bbox 1041 1119 1200 1192; x_wconf 87' lang='lat' dir='ltr'>perpetim.</span> 
     </span>
    </p>
   </div>
   <div class='ocr_carea' id='block_1_5' title="bbox 192 1224 1326 2084">
    <p class='ocr_par' dir='ltr' id='par_1_5' title="bbox 335 1224 899 1312">
     <span class='ocr_line' id='line_1_9' title="bbox 335 1224 899 1312; baseline -0.004 -16"><span class='ocrx_word' id='word_1_47' title='bbox 335 1239 417 1296; x_wconf 87' lang='lat' dir='ltr'>Laus</span> <span class='ocrx_word' id='word_1_48' title='bbox 440 1238 492 1296; x_wconf 92' lang='lat' dir='ltr'>tibi</span> <span class='ocrx_word' id='word_1_49' title='bbox 514 1255 570 1312; x_wconf 91' lang='lat' dir='ltr'>per</span> <span class='ocrx_word' id='word_1_50' title='bbox 592 1224 677 1294; x_wconf 81' lang='lat' dir='ltr'>omne</span> <span class='ocrx_word' id='word_1_51' title='bbox 701 1243 819 1312; x_wconf 88' lang='lat' dir='ltr'>tempus</span> <span class='ocrx_word' id='word_1_52' title='bbox 843 1242 899 1294; x_wconf 83' lang='lat' dir='ltr'>etc.</span> 
     </span>
    </p>

    <p class='ocr_par' dir='ltr' id='par_1_6' title="bbox 250 1405 1308 1654">
     <span class='ocr_line' id='line_1_10' title="bbox 335 1405 1307 1484; baseline -0.003 -17"><span class='ocrx_word' id='word_1_53' title='bbox 335 1409 421 1467; x_wconf 90' lang='lat' dir='ltr'>Nunc</span> <span class='ocrx_word' id='word_1_54' title='bbox 444 1416 563 1484; x_wconf 85' lang='lat' dir='ltr'>quoque</span> <span class='ocrx_word' id='word_1_55' title='bbox 586 1409 616 1464; x_wconf 90' lang='lat' dir='ltr'>in</span> <span class='ocrx_word' id='word_1_56' title='bbox 637 1407 762 1482; x_wconf 90' lang='lat' dir='ltr'>Proprio</span> <span class='ocrx_word' id='word_1_57' title='bbox 784 1407 947 1484; x_wconf 69' lang='lat' dir='ltr'>Hispaniae</span> <span class='ocrx_word' id='word_1_58' title='bbox 970 1405 1048 1470; x_wconf 83' lang='lat' dir='ltr'>diem</span> <span class='ocrx_word' id='word_1_59' title='bbox 1070 1406 1122 1464; x_wconf 82' lang='lat' dir='ltr'>lx.</span> <span class='ocrx_word' id='word_1_60' title='bbox 1138 1405 1222 1483; x_wconf 59' lang='lat' dir='ltr'>Aug,</span> <span class='ocrx_word' id='word_1_61' title='bbox 1235 1411 1307 1464; x_wconf 87' lang='lat' dir='ltr'>ornat</span> 
     </span>
     <span class='ocr_line' id='line_1_11' title="bbox 251 1491 1308 1568; baseline -0.003 -15"><span class='ocrx_word' id='word_1_62' title='bbox 251 1498 361 1553; x_wconf 83' lang='lat' dir='ltr'>festum</span> <span class='ocrx_word' id='word_1_63' title='bbox 391 1494 500 1568; x_wconf 81' lang='lat' dir='ltr'>duplex</span> <span class='ocrx_word' id='word_1_64' title='bbox 529 1493 679 1551; x_wconf 86' lang='lat' dir='ltr'>secundae</span> <span class='ocrx_word' id='word_1_65' title='bbox 693 1550 694 1553; x_wconf 68' lang='grc'>,</span> <span class='ocrx_word' id='word_1_66' title='bbox 709 1494 745 1550; x_wconf 90' lang='lat' dir='ltr'>cl.</span> <span class='ocrx_word' id='word_1_67' title='bbox 768 1492 819 1550; x_wconf 87' lang='lat' dir='ltr'>SS.</span> <span class='ocrx_word' id='word_1_68' title='bbox 841 1491 921 1548; x_wconf 88' lang='lat' dir='ltr'>Justi</span> <span class='ocrx_word' id='word_1_69' title='bbox 945 1497 975 1548; x_wconf 91' lang='lat' dir='ltr'>et</span> <span class='ocrx_word' id='word_1_70' title='bbox 996 1491 1134 1549; x_wconf 78' lang='lat' dir='ltr'>Pastoris</span> <span class='ocrx_word' id='word_1_71' title='bbox 1164 1510 1308 1567; x_wconf 87' lang='lat' dir='ltr'>puerorum</span> 
     </span>
     <span class='ocr_line' id='line_1_12' title="bbox 250 1578 1308 1654; baseline -0.007 -14"><span class='ocrx_word' id='word_1_72' title='bbox 250 1583 426 1654; x_wconf 79' lang='lat' dir='ltr'><strong>Martyrum,</strong></span> <span class='ocrx_word' id='word_1_73' title='bbox 451 1581 501 1654; x_wconf 85' lang='lat' dir='ltr'>qui</span> <span class='ocrx_word' id='word_1_74' title='bbox 523 1580 709 1636; x_wconf 87' lang='lat' dir='ltr'>Diocletiano</span> <span class='ocrx_word' id='word_1_75' title='bbox 740 1583 777 1634; x_wconf 86' lang='lat' dir='ltr'>et&#39;</span> <span class='ocrx_word' id='word_1_76' title='bbox 791 1578 950 1648; x_wconf 79' lang='lat' dir='ltr'>Maximino</span> <span class='ocrx_word' id='word_1_77' title='bbox 978 1578 1211 1652; x_wconf 79' lang='lat' dir='ltr'>imperatoribus</span> <span class='ocrx_word' id='word_1_78' title='bbox 1237 1578 1308 1634; x_wconf 88' lang='lat' dir='ltr'>Com-</span> 
     </span>
    </p>

    <p class='ocr_par' dir='ltr' id='par_1_7' title="bbox 192 1662 1326 2084">
     <span class='ocr_line' id='line_1_13' title="bbox 192 1662 1309 1741; baseline 0.003 -24"><span class='ocrx_word' id='word_1_79' title='bbox 192 1713 198 1717; x_wconf 87' lang='lat'><em>.</em></span> <span class='ocrx_word' id='word_1_80' title='bbox 251 1667 328 1740; x_wconf 92' lang='lat' dir='ltr'>pluti</span> <span class='ocrx_word' id='word_1_81' title='bbox 356 1666 472 1722; x_wconf 87' lang='lat' dir='ltr'>illustre</span> <span class='ocrx_word' id='word_1_82' title='bbox 496 1665 614 1722; x_wconf 87' lang='lat' dir='ltr'>Christo</span> <span class='ocrx_word' id='word_1_83' title='bbox 644 1665 770 1720; x_wconf 90' lang='lat' dir='ltr'>Domino</span> <span class='ocrx_word' id='word_1_84' title='bbox 800 1664 1001 1720; x_wconf 87' lang='lat' dir='ltr'>testimouium</span> <span class='ocrx_word' id='word_1_85' title='bbox 1025 1662 1182 1741; x_wconf 78' lang='lat' dir='ltr'>dederunt.</span> <span class='ocrx_word' id='word_1_86' title='bbox 1225 1663 1259 1720; x_wconf 87' lang='lat' dir='ltr'>Et</span> <span class='ocrx_word' id='word_1_87' title='bbox 1277 1662 1309 1720; x_wconf 83' lang='lat' dir='ltr'>sd</span> 
     </span>
     <span class='ocr_line' id='line_1_14' title="bbox 251 1746 1309 1824; baseline -0.003 -17"><span class='ocrx_word' id='word_1_88' title='bbox 251 1746 404 1824; x_wconf 69' lang='lat' dir='ltr'>vesperas*</span> <span class='ocrx_word' id='word_1_89' title='bbox 419 1755 557 1806; x_wconf 88' lang='lat' dir='ltr'>cantatur</span> <span class='ocrx_word' id='word_1_90' title='bbox 578 1749 706 1822; x_wconf 88' lang='lat' dir='ltr'>hymnus</span> <span class='ocrx_word' id='word_1_91' title='bbox 730 1748 758 1804; x_wconf 86' lang='lat' dir='ltr'>S.</span> <span class='ocrx_word' id='word_1_92' title='bbox 777 1747 884 1804; x_wconf 84' lang='lat' dir='ltr'>Isidori</span> <span class='ocrx_word' id='word_1_93' title='bbox 905 1750 1022 1805; x_wconf 84' lang='lat' dir='ltr'>nomine</span> <span class='ocrx_word' id='word_1_94' title='bbox 1044 1751 1215 1824; x_wconf 81' lang='lat' dir='ltr'>insignitus,</span> <span class='ocrx_word' id='word_1_95' title='bbox 1239 1750 1309 1806; x_wconf 90' lang='lat' dir='ltr'>cuius</span> 
     </span>
     <span class='ocr_line' id='line_1_15' title="bbox 251 1832 1326 1911; baseline -0.005 -18"><span class='ocrx_word' id='word_1_96' title='bbox 251 1837 348 1911; x_wconf 88' lang='lat' dir='ltr'>prima</span> <span class='ocrx_word' id='word_1_97' title='bbox 370 1835 507 1908; x_wconf 88' lang='lat' dir='ltr'>stropha:</span> <span class='ocrx_word' id='word_1_98' title='bbox 530 1835 623 1890; x_wconf 87' lang='lat' dir='ltr'>Ecce</span> <span class='ocrx_word' id='word_1_99' title='bbox 638 1833 767 1890; x_wconf 83' lang='lat' dir='ltr'>Justus</span> <span class='ocrx_word' id='word_1_100' title='bbox 791 1850 877 1890; x_wconf 85' lang='lat' dir='ltr'>ecce</span> <span class='ocrx_word' id='word_1_101' title='bbox 892 1832 1024 1891; x_wconf 78' lang='lat' dir='ltr'>Pastor</span> <span class='ocrx_word' id='word_1_102' title='bbox 1047 1833 1156 1892; x_wconf 88' lang='lat' dir='ltr'>eadem</span> <span class='ocrx_word' id='word_1_103' title='bbox 1171 1840 1217 1892; x_wconf 91' lang='lat' dir='ltr'>est</span> <span class='ocrx_word' id='word_1_104' title='bbox 1231 1840 1326 1908; x_wconf 86' lang='lat' dir='ltr'>atque·</span> 
     </span>
     <span class='ocr_line' id='line_1_16' title="bbox 252 1917 1310 1994; baseline -0.004 -16"><span class='ocrx_word' id='word_1_105' title='bbox 252 1924 342 1979; x_wconf 88' lang='lat' dir='ltr'>tertia</span> <span class='ocrx_word' id='word_1_106' title='bbox 364 1922 501 1978; x_wconf 84' lang='lat' dir='ltr'>carminis</span> <span class='ocrx_word' id='word_1_107' title='bbox 526 1937 617 1992; x_wconf 88' lang='lat' dir='ltr'>supra</span> <span class='ocrx_word' id='word_1_108' title='bbox 639 1919 750 1992; x_wconf 89' lang='lat' dir='ltr'>scripti.</span> <span class='ocrx_word' id='word_1_109' title='bbox 794 1918 949 1994; x_wconf 86' lang='lat' dir='ltr'>Reliquae,</span> <span class='ocrx_word' id='word_1_110' title='bbox 973 1923 1006 1974; x_wconf 89' lang='lat' dir='ltr'>ut</span> <span class='ocrx_word' id='word_1_111' title='bbox 1028 1919 1102 1976; x_wconf 91' lang='lat' dir='ltr'>mihi</span> <span class='ocrx_word' id='word_1_112' title='bbox 1125 1917 1249 1986; x_wconf 90' lang='lat' dir='ltr'>videtur,</span> <span class='ocrx_word' id='word_1_113' title='bbox 1270 1935 1310 1975; x_wconf 83' lang='lat' dir='ltr'>er·</span> 
     </span>
     <span class='ocr_line' id='line_1_17' title="bbox 251 2003 1062 2084; baseline -0.004 -20"><span class='ocrx_word' id='word_1_114' title='bbox 251 2008 496 2082; x_wconf 78' lang='lat' dir='ltr'>plent‘lacunam</span> <span class='ocrx_word' id='word_1_115' title='bbox 518 2005 647 2072; x_wconf 88' lang='lat' dir='ltr'>Arevali,</span> <span class='ocrx_word' id='word_1_116' title='bbox 672 2009 856 2078; x_wconf 87' lang='lat' dir='ltr'>quapropter</span> <span class='ocrx_word' id='word_1_117' title='bbox 878 2003 1062 2084; x_wconf 83' lang='lat' dir='ltr'>adiiciuntur.</span> 
     </span>
    </p>
   </div>
   <div class='ocr_carea' id='block_1_6' title="bbox 337 2123 1239 2370">
    <p class='ocr_par' dir='ltr' id='par_1_8' title="bbox 337 2123 1239 2370">
     <span class='ocr_line' id='line_1_18' title="bbox 337 2123 1215 2208; baseline -0.001 -26"><span class='ocrx_word' id='word_1_118' title='bbox 337 2125 375 2182; x_wconf 93' lang='lat' dir='ltr'>Hi</span> <span class='ocrx_word' id='word_1_119' title='bbox 397 2129 497 2208; x_wconf 79' lang='lat' dir='ltr'>tamen</span> <span class='ocrx_word' id='word_1_120' title='bbox 521 2123 631 2180; x_wconf 89' lang='lat' dir='ltr'>scholis</span> <span class='ocrx_word' id='word_1_121' title='bbox 654 2124 771 2190; x_wconf 87' lang='lat' dir='ltr'>retenti,</span> <span class='ocrx_word' id='word_1_122' title='bbox 795 2123 872 2180; x_wconf 82' lang='lat' dir='ltr'>D&#39;um</span> <span class='ocrx_word' id='word_1_123' title='bbox 893 2125 1081 2180; x_wconf 86' lang='lat' dir='ltr'>instruuntur</span> <span class='ocrx_word' id='word_1_124' title='bbox 1104 2123 1215 2182; x_wconf 86' lang='lat' dir='ltr'>litteris</span> 
     </span>
     <span class='ocr_line' id='line_1_19' title="bbox 337 2207 1239 2285; baseline -0.003 -18"><span class='ocrx_word' id='word_1_125' title='bbox 337 2208 502 2267; x_wconf 88' lang='lat' dir='ltr'>Audientes</span> <span class='ocrx_word' id='word_1_126' title='bbox 526 2207 608 2283; x_wconf 90' lang='lat' dir='ltr'>quod</span> <span class='ocrx_word' id='word_1_127' title='bbox 630 2214 774 2281; x_wconf 85' lang='lat' dir='ltr'>tyrannus</span> <span class='ocrx_word' id='word_1_128' title='bbox 796 2208 892 2264; x_wconf 84' lang='lat' dir='ltr'>Intrat</span> <span class='ocrx_word' id='word_1_129' title='bbox 913 2208 1018 2266; x_wconf 90' lang='lat' dir='ltr'>urbem</span> <span class='ocrx_word' id='word_1_130' title='bbox 1039 2214 1239 2285; x_wconf 79' lang='lat' dir='ltr'>persequens,</span> 
     </span>
     <span class='ocr_line' id='line_1_20' title="bbox 337 2293 1147 2370; baseline -0.002 -19"><span class='ocrx_word' id='word_1_131' title='bbox 337 2295 420 2370; x_wconf 83' lang='lat' dir='ltr'>illico</span> <span class='ocrx_word' id='word_1_132' title='bbox 445 2293 564 2350; x_wconf 89' lang='lat' dir='ltr'>scholas</span> <span class='ocrx_word' id='word_1_133' title='bbox 587 2293 766 2368; x_wconf 88' lang='lat' dir='ltr'>relinquunt,</span> <span class='ocrx_word' id='word_1_134' title='bbox 790 2293 828 2348; x_wconf 85' lang='lat' dir='ltr'>Et</span> <span class='ocrx_word' id='word_1_135' title='bbox 850 2293 976 2350; x_wconf 89' lang='lat' dir='ltr'>tabellas</span> <span class='ocrx_word' id='word_1_136' title='bbox 1000 2293 1147 2351; x_wconf 90' lang='lat' dir='ltr'>abnuunt.</span> 
     </span>
    </p>
   </div>
   <div class='ocr_carea' id='block_1_7' title="bbox 294 2411 1259 2656">
    <p class='ocr_par' dir='ltr' id='par_1_9' title="bbox 294 2411 1259 2656">
     <span class='ocr_line' id='line_1_21' title="bbox 335 2411 1218 2488; baseline 0.001 -19"><span class='ocrx_word' id='word_1_137' title='bbox 335 2414 494 2488; x_wconf 80' lang='lat' dir='ltr'>Appetunt</span> <span class='ocrx_word' id='word_1_138' title='bbox 517 2429 606 2470; x_wconf 90' lang='lat' dir='ltr'>cursu</span> <span class='ocrx_word' id='word_1_139' title='bbox 629 2411 736 2468; x_wconf 90' lang='lat' dir='ltr'>deinde</span> <span class='ocrx_word' id='word_1_140' title='bbox 758 2411 909 2471; x_wconf 87' lang='lat' dir='ltr'>Praesidis</span> <span class='ocrx_word' id='word_1_141' title='bbox 932 2415 1148 2486; x_wconf 84' lang='lat' dir='ltr'>praesentiam,</span> <span class='ocrx_word' id='word_1_142' title='bbox 1214 2454 1218 2464; x_wconf 91' lang='lat'>.</span> 
     </span>
     <span class='ocr_line' id='line_1_22' title="bbox 294 2489 1259 2582; baseline -0.004 -24"><span class='ocrx_word' id='word_1_143' title='bbox 294 2499 313 2558; x_wconf 77' lang='lat'><strong>5</strong></span> <span class='ocrx_word' id='word_1_144' title='bbox 336 2499 374 2556; x_wconf 87' lang='lat' dir='ltr'>Et</span> <span class='ocrx_word' id='word_1_145' title='bbox 397 2489 524 2556; x_wconf 80' lang='lat' dir='ltr'>Crucem</span> <span class='ocrx_word' id='word_1_146' title='bbox 547 2497 657 2554; x_wconf 82' lang='lat' dir='ltr'>Christi</span> <span class='ocrx_word' id='word_1_147' title='bbox 681 2496 845 2572; x_wconf 87' lang='lat' dir='ltr'>sequendo,</span> <span class='ocrx_word' id='word_1_148' title='bbox 869 2497 986 2574; x_wconf 90' lang='lat' dir='ltr'>Corpus</span> <span class='ocrx_word' id='word_1_149' title='bbox 1009 2505 1131 2557; x_wconf 88' lang='lat' dir='ltr'>armant</span> <span class='ocrx_word' id='word_1_150' title='bbox 1155 2497 1259 2582; x_wconf 88' lang='lat' dir='ltr'>debile,</span> 
     </span>
     <span class='ocr_line' id='line_1_23' title="bbox 338 2582 1101 2656; baseline 0.003 -16"><span class='ocrx_word' id='word_1_151' title='bbox 338 2583 404 2652; x_wconf 85' lang='lat' dir='ltr'>Quo</span> <span class='ocrx_word' id='word_1_152' title='bbox 427 2583 594 2656; x_wconf 89' lang='lat' dir='ltr'>triumphos</span> <span class='ocrx_word' id='word_1_153' title='bbox 616 2583 766 2656; x_wconf 86' lang='lat' dir='ltr'>passionis</span> <span class='ocrx_word' id='word_1_154' title='bbox 789 2582 951 2656; x_wconf 85' lang='lat' dir='ltr'>Expediret</span> <span class='ocrx_word' id='word_1_155' title='bbox 972 2584 1101 2642; x_wconf 87' lang='lat' dir='ltr'>fortiter.</span> 
     </span>
    </p>
   </div>
   <div class='ocr_carea' id='block_1_8' title="bbox 335 2701 1261 2948">
    <p class='ocr_par' dir='ltr' id='par_1_10' title="bbox 335 2701 1261 2948">
     <span class='ocr_line' id='line_1_24' title="bbox 336 2701 1098 2777; baseline 0 -19"><span class='ocrx_word' id='word_1_156' title='bbox 336 2703 401 2758; x_wconf 90' lang='lat' dir='ltr'>Hoc</span> <span class='ocrx_word' id='word_1_157' title='bbox 424 2707 548 2776; x_wconf 86' lang='lat' dir='ltr'>repente</span> <span class='ocrx_word' id='word_1_158' title='bbox 571 2702 702 2758; x_wconf 79' lang='lat' dir='ltr'>Deciano</span> <span class='ocrx_word' id='word_1_159' title='bbox 725 2701 919 2768; x_wconf 89' lang='lat' dir='ltr'>Nunciantes‚</span> <span class='ocrx_word' id='word_1_160' title='bbox 943 2703 1098 2777; x_wconf 87' lang='lat' dir='ltr'>inquiunt:</span> 
     </span>
     <span class='ocr_line' id='line_1_25' title="bbox 335 2785 1131 2862; baseline -0.001 -18"><span class='ocrx_word' id='word_1_161' title='bbox 335 2787 414 2844; x_wconf 87' lang='lat' dir='ltr'>Ecce</span> <span class='ocrx_word' id='word_1_162' title='bbox 438 2786 578 2845; x_wconf 90' lang='lat' dir='ltr'>advenire</span> <span class='ocrx_word' id='word_1_163' title='bbox 602 2787 752 2843; x_wconf 78' lang='lat' dir='ltr'>Christum</span> <span class='ocrx_word' id='word_1_164' title='bbox 774 2785 953 2843; x_wconf 87' lang='lat' dir='ltr'>Profitentes</span> <span class='ocrx_word' id='word_1_165' title='bbox 975 2789 1131 2862; x_wconf 89' lang='lat' dir='ltr'>parvulos,</span> 
     </span>
     <span class='ocr_line' id='line_1_26' title="bbox 336 2869 1261 2948; baseline 0.002 -20"><span class='ocrx_word' id='word_1_166' title='bbox 336 2873 443 2928; x_wconf 90' lang='lat' dir='ltr'>Mortis</span> <span class='ocrx_word' id='word_1_167' title='bbox 465 2872 543 2928; x_wconf 89' lang='lat' dir='ltr'>ultro</span> <span class='ocrx_word' id='word_1_168' title='bbox 567 2873 723 2945; x_wconf 86' lang='lat' dir='ltr'>passiones</span> <span class='ocrx_word' id='word_1_169' title='bbox 747 2869 847 2946; x_wconf 83' lang='lat' dir='ltr'>Atque</span> <span class='ocrx_word' id='word_1_170' title='bbox 870 2871 979 2928; x_wconf 92' lang='lat' dir='ltr'>caedes</span> <span class='ocrx_word' id='word_1_171' title='bbox 1002 2876 1147 2948; x_wconf 80' lang='lat' dir='ltr'>perpeti·</span> <span class='ocrx_word' id='word_1_172' title='bbox 1173 2881 1182 2900; x_wconf 74' lang='lat'><strong><em>‘</em></strong></span> <span class='ocrx_word' id='word_1_173' title='bbox 1255 2901 1261 2920; x_wconf 68' lang='grc' dir='ltr'><em>ι</em></span> 
     </span>
    </p>
   </div>
   <div class='ocr_carea' id='block_1_9' title="bbox 276 2989 1193 3236">
    <p class='ocr_par' dir='ltr' id='par_1_11' title="bbox 276 2989 1193 3236">
     <span class='ocr_line' id='line_1_27' title="bbox 276 2989 1193 3064; baseline 0.002 -16"><span class='ocrx_word' id='word_1_174' title='bbox 276 2991 314 3050; x_wconf 85' lang='grc'>10</span> <span class='ocrx_word' id='word_1_175' title='bbox 338 2991 498 3048; x_wconf 87' lang='lat' dir='ltr'>Concitans</span> <span class='ocrx_word' id='word_1_176' title='bbox 522 2989 609 3047; x_wconf 87' lang='lat' dir='ltr'>adest</span> <span class='ocrx_word' id='word_1_177' title='bbox 629 2991 677 3047; x_wconf 88' lang='lat' dir='ltr'>hie</span> <span class='ocrx_word' id='word_1_178' title='bbox 700 3007 824 3064; x_wconf 89' lang='lat' dir='ltr'>praeses</span> <span class='ocrx_word' id='word_1_179' title='bbox 847 2989 996 3058; x_wconf 83' lang='lat' dir='ltr'>Turbidus</span> <span class='ocrx_word' id='word_1_180' title='bbox 1021 2993 1193 3062; x_wconf 87' lang='lat' dir='ltr'>saevitiam,</span> 
     </span>
     <span class='ocr_line' id='line_1_28' title="bbox 336 3075 1160 3155; baseline 0.006 -25"><span class='ocrx_word' id='word_1_181' title='bbox 336 3075 385 3131; x_wconf 83' lang='lat' dir='ltr'>Ad</span> <span class='ocrx_word' id='word_1_182' title='bbox 408 3093 479 3131; x_wconf 87' lang='lat' dir='ltr'>suos</span> <span class='ocrx_word' id='word_1_183' title='bbox 503 3080 603 3155; x_wconf 67' lang='lat' dir='ltr'>trucps</span> <span class='ocrx_word' id='word_1_184' title='bbox 626 3075 776 3131; x_wconf 88' lang='lat' dir='ltr'>ministros</span> <span class='ocrx_word' id='word_1_185' title='bbox 800 3075 979 3143; x_wconf 88' lang='lat' dir='ltr'>Teneantur,</span> <span class='ocrx_word' id='word_1_186' title='bbox 1005 3077 1160 3135; x_wconf 88' lang='lat' dir='ltr'>clamitat:</span> 
     </span>
     <span class='ocr_line' id='line_1_29' title="bbox 325 3155 1071 3236; baseline 0.003 -20"><span class='ocrx_word' id='word_1_187' title='bbox 325 3155 478 3216; x_wconf 56' lang='lat' dir='ltr'>‘Fustibus</span> <span class='ocrx_word' id='word_1_188' title='bbox 500 3161 605 3216; x_wconf 90' lang='lat' dir='ltr'>iubens</span> <span class='ocrx_word' id='word_1_189' title='bbox 628 3160 739 3216; x_wconf 89' lang='lat' dir='ltr'>tenella</span> <span class='ocrx_word' id='word_1_190' title='bbox 760 3160 911 3216; x_wconf 88' lang='lat' dir='ltr'>Dissecari</span> <span class='ocrx_word' id='word_1_191' title='bbox 935 3179 1071 3236; x_wconf 86' lang='lat' dir='ltr'>corpora.</span> 
     </span>
    </p>
   </div>
   <div class='ocr_carea' id='block_1_10' title="bbox 275 3279 1372 3527">
    <p class='ocr_par' dir='ltr' id='par_1_12' title="bbox 275 3279 1372 3527">
     <span class='ocr_line' id='line_1_30' title="bbox 337 3279 1372 3354; baseline 0.004 -18"><span class='ocrx_word' id='word_1_192' title='bbox 337 3279 420 3336; x_wconf 90' lang='lat' dir='ltr'>Tunc</span> <span class='ocrx_word' id='word_1_193' title='bbox 445 3285 578 3336; x_wconf 87' lang='lat' dir='ltr'>sacratas</span> <span class='ocrx_word' id='word_1_194' title='bbox 601 3279 687 3334; x_wconf 91' lang='lat' dir='ltr'>ambo</span> <span class='ocrx_word' id='word_1_195' title='bbox 710 3293 800 3336; x_wconf 87' lang='lat' dir='ltr'>voces</span> <span class='ocrx_word' id='word_1_196' title='bbox 823 3279 1025 3354; x_wconf 80' lang='lat' dir='ltr'>Alloquuntur</span> <span class='ocrx_word' id='word_1_197' title='bbox 1047 3284 1197 3341; x_wconf 87' lang='lat' dir='ltr'>invicem:</span> <span class='ocrx_word' id='word_1_198' title='bbox 1371 3341 1372 3352; x_wconf 56' lang='grc'>,</span> 
     </span>
     <span class='ocr_line' id='line_1_31' title="bbox 337 3359 1372 3444; baseline 0.007 -24"><span class='ocrx_word' id='word_1_199' title='bbox 337 3365 467 3439; x_wconf 89' lang='lat' dir='ltr'>Tempus</span> <span class='ocrx_word' id='word_1_200' title='bbox 492 3370 539 3420; x_wconf 90' lang='lat' dir='ltr'>est</span> <span class='ocrx_word' id='word_1_201' title='bbox 559 3365 617 3419; x_wconf 89' lang='lat' dir='ltr'>iam</span> <span class='ocrx_word' id='word_1_202' title='bbox 639 3364 821 3437; x_wconf 81' lang='lat' dir='ltr'>temporales</span> <span class='ocrx_word' id='word_1_203' title='bbox 844 3365 933 3421; x_wconf 85' lang='lat' dir='ltr'>Ferre</span> <span class='ocrx_word' id='word_1_204' title='bbox 955 3383 1070 3439; x_wconf 86' lang='lat' dir='ltr'>poenas</span> <span class='ocrx_word' id='word_1_205' title='bbox 1095 3372 1256 3444; x_wconf 72' lang='lat' dir='ltr'>corporis,</span> <span class='ocrx_word' id='word_1_206' title='bbox 1370 3359 1372 3380; x_wconf 59' lang='lat'><strong><em>¹</em></strong></span> 
     </span>
     <span class='ocr_line' id='line_1_32' title="bbox 275 3448 1372 3527; baseline 0.005 -21"><span class='ocrx_word' id='word_1_207' title='bbox 275 3448 312 3508; x_wconf 81' lang='lat'>15</span> <span class='ocrx_word' id='word_1_208' title='bbox 337 3449 402 3518; x_wconf 85' lang='lat' dir='ltr'>Quo</span> <span class='ocrx_word' id='word_1_209' title='bbox 425 3451 524 3506; x_wconf 80' lang='lat' dir='ltr'>futuro</span> <span class='ocrx_word' id='word_1_210' title='bbox 546 3450 733 3522; x_wconf 84' lang='lat' dir='ltr'>perfruamur</span> <span class='ocrx_word' id='word_1_211' title='bbox 756 3448 872 3505; x_wconf 88' lang='lat' dir='ltr'>Gaudio</span> <span class='ocrx_word' id='word_1_212' title='bbox 896 3467 962 3506; x_wconf 83' lang='lat' dir='ltr'>curn</span> <span class='ocrx_word' id='word_1_213' title='bbox 985 3451 1123 3527; x_wconf 84' lang='lat' dir='ltr'>Angelis.</span> <span class='ocrx_word' id='word_1_214' title='bbox 1370 3449 1372 3456; x_wconf 74' lang='grc'>’</span> 
     </span>
    </p>
   </div>
   <div class='ocr_carea' id='block_1_11' title="bbox 336 3557 1212 3814">
    <p class='ocr_par' dir='ltr' id='par_1_13' title="bbox 336 3557 1212 3814">
     <span class='ocr_line' id='line_1_33' title="bbox 336 3557 1150 3654; baseline 0.007 -30"><span class='ocrx_word' id='word_1_215' title='bbox 336 3557 470 3625; x_wconf 63' lang='lat' dir='ltr'>Audiens</span> <span class='ocrx_word' id='word_1_216' title='bbox 493 3585 561 3624; x_wconf 88' lang='lat' dir='ltr'>mox</span> <span class='ocrx_word' id='word_1_217' title='bbox 582 3569 732 3624; x_wconf 75' lang='lat' dir='ltr'>Dasianus</span> <span class='ocrx_word' id='word_1_218' title='bbox 754 3567 920 3641; x_wconf 87' lang='lat' dir='ltr'>Martyrum</span> <span class='ocrx_word' id='word_1_219' title='bbox 944 3575 1150 3654; x_wconf 73' lang='lat' dir='ltr'>epnstantiam</span> 
     </span>
     <span class='ocr_line' id='line_1_34' title="bbox 336 3652 1081 3740; baseline 0.005 -32"><span class='ocrx_word' id='word_1_220' title='bbox 336 3653 489 3709; x_wconf 83' lang='lat' dir='ltr'>Excitatus</span> <span class='ocrx_word' id='word_1_221' title='bbox 512 3655 541 3708; x_wconf 90' lang='lat' dir='ltr'>in</span> <span class='ocrx_word' id='word_1_222' title='bbox 564 3653 663 3708; x_wconf 87' lang='lat' dir='ltr'>furore</span> <span class='ocrx_word' id='word_1_223' title='bbox 685 3653 764 3709; x_wconf 87' lang='lat' dir='ltr'>Dixit</span> <span class='ocrx_word' id='word_1_224' title='bbox 785 3652 863 3710; x_wconf 90' lang='lat' dir='ltr'>hanc</span> <span class='ocrx_word' id='word_1_225' title='bbox 887 3657 1081 3740; x_wconf 78' lang='lat' dir='ltr'>sententiam:</span> 
     </span>
     <span class='ocr_line' id='line_1_35' title="bbox 336 3737 1212 3814; baseline 0.006 -20"><span class='ocrx_word' id='word_1_226' title='bbox 336 3737 377 3794; x_wconf 90' lang='lat' dir='ltr'>Ut</span> <span class='ocrx_word' id='word_1_227' title='bbox 397 3740 545 3811; x_wconf 89' lang='lat' dir='ltr'>perempti</span> <span class='ocrx_word' id='word_1_228' title='bbox 568 3737 654 3794; x_wconf 90' lang='lat' dir='ltr'>ambo</span> <span class='ocrx_word' id='word_1_229' title='bbox 676 3738 785 3794; x_wconf 86' lang='lat' dir='ltr'>fratres</span> <span class='ocrx_word' id='word_1_230' title='bbox 807 3738 906 3796; x_wconf 89' lang='lat' dir='ltr'>Morte</span> <span class='ocrx_word' id='word_1_231' title='bbox 929 3739 993 3796; x_wconf 84' lang='lat' dir='ltr'>dira</span> <span class='ocrx_word' id='word_1_232' title='bbox 1014 3743 1212 3814; x_wconf 79' lang='lat' dir='ltr'>intercidant.</span> 
     </span>
    </p>
   </div>
   <div class='ocr_carea' id='block_1_12' title="bbox 337 3855 1083 3918">
    <p class='ocr_par' dir='ltr' id='par_1_14' title="bbox 337 3855 1083 3918">
     <span class='ocr_line' id='line_1_36' title="bbox 337 3855 1083 3918; baseline 0.011 -8"><span class='ocrx_word' id='word_1_233' title='bbox 337 3855 476 3912; x_wconf 90' lang='lat' dir='ltr'>Protinus</span> <span class='ocrx_word' id='word_1_234' title='bbox 500 3875 552 3912; x_wconf 91' lang='lat' dir='ltr'>eos</span> <span class='ocrx_word' id='word_1_235' title='bbox 575 3857 708 3912; x_wconf 84' lang='lat' dir='ltr'>furentes</span> <span class='ocrx_word' id='word_1_236' title='bbox 731 3855 913 3914; x_wconf 85' lang='lat' dir='ltr'>Pertrahunt</span> <span class='ocrx_word' id='word_1_237' title='bbox 935 3860 1083 3918; x_wconf 83' lang='lat' dir='ltr'>satellites</span> 
     </span>
    </p>
   </div>
   <div class='ocr_carea' id='block_1_13' title="bbox 273 3939 1313 4116">
    <p class='ocr_par' dir='ltr' id='par_1_15' title="bbox 273 3939 1313 4116">
     <span class='ocr_line' id='line_1_37' title="bbox 273 3939 1313 4014; baseline 0.005 -15"><span class='ocrx_word' id='word_1_238' title='bbox 273 3941 315 3999; x_wconf 82' lang='grc'>20</span> <span class='ocrx_word' id='word_1_239' title='bbox 337 3939 386 3996; x_wconf 81' lang='lat' dir='ltr'>Ad</span> <span class='ocrx_word' id='word_1_240' title='bbox 407 3942 505 3997; x_wconf 90' lang='lat' dir='ltr'>locum</span> <span class='ocrx_word' id='word_1_241' title='bbox 529 3942 626 4014; x_wconf 89' lang='lat' dir='ltr'>campi</span> <span class='ocrx_word' id='word_1_242' title='bbox 647 3946 811 4014; x_wconf 89' lang='lat' dir='ltr'>patentem,</span> <span class='ocrx_word' id='word_1_243' title='bbox 835 3941 930 4012; x_wconf 84' lang='lat' dir='ltr'>Quem</span> <span class='ocrx_word' id='word_1_244' title='bbox 953 3945 1053 4002; x_wconf 84' lang='lat' dir='ltr'>ferunt</span> <span class='ocrx_word' id='word_1_245' title='bbox 1074 3947 1286 4014; x_wconf 87' lang='lat' dir='ltr'>Laudabilem,</span> <span class='ocrx_word' id='word_1_246' title='bbox 1311 3982 1313 3987; x_wconf 92' lang='lat'><em>-</em></span> 
     </span>
     <span class='ocr_line' id='line_1_38' title="bbox 337 4024 1116 4116; baseline 0.009 -35"><span class='ocrx_word' id='word_1_247' title='bbox 337 4025 416 4082; x_wconf 89' lang='lat' dir='ltr'>Ense</span> <span class='ocrx_word' id='word_1_248' title='bbox 438 4026 498 4082; x_wconf 92' lang='lat' dir='ltr'>illic</span> <span class='ocrx_word' id='word_1_249' title='bbox 520 4024 724 4092; x_wconf 83' lang='lat' dir='ltr'>verberantur,</span> <span class='ocrx_word' id='word_1_250' title='bbox 748 4026 946 4108; x_wconf 72' lang='lat' dir='ltr'>laureantur</span> <span class='ocrx_word' id='word_1_251' title='bbox 958 4034 1116 4116; x_wconf 77' lang='lat' dir='ltr'>sanguine.</span> 
     </span>
    </p>
   </div>
   <div class='ocr_carea' id='block_1_14' title="bbox 294 4143 1306 4393">
    <p class='ocr_par' dir='ltr' id='par_1_16' title="bbox 294 4143 1306 4393">
     <span class='ocr_line' id='line_1_39' title="bbox 335 4143 1195 4220; baseline 0.015 -22"><span class='ocrx_word' id='word_1_252' title='bbox 335 4143 416 4200; x_wconf 88' lang='lat' dir='ltr'>Laus</span> <span class='ocrx_word' id='word_1_253' title='bbox 437 4145 490 4201; x_wconf 90' lang='lat' dir='ltr'>tibi</span> <span class='ocrx_word' id='word_1_254' title='bbox 513 4161 567 4219; x_wconf 90' lang='lat' dir='ltr'>per</span> <span class='ocrx_word' id='word_1_255' title='bbox 590 4161 675 4200; x_wconf 87' lang='lat' dir='ltr'>omne</span> <span class='ocrx_word' id='word_1_256' title='bbox 699 4150 826 4218; x_wconf 88' lang='lat' dir='ltr'>tempus,</span> <span class='ocrx_word' id='word_1_257' title='bbox 850 4147 979 4205; x_wconf 88' lang='lat' dir='ltr'>Trinitas</span> <span class='ocrx_word' id='word_1_258' title='bbox 1002 4150 1195 4220; x_wconf 80' lang='lat' dir='ltr'>indifferens,</span> 
     </span>
     <span class='ocr_line' id='line_1_40' title="bbox 294 4225 1306 4312; baseline 0.015 -29"><span class='ocrx_word' id='word_1_259' title='bbox 294 4254 299 4259; x_wconf 94' lang='lat'><em>·</em></span> <span class='ocrx_word' id='word_1_260' title='bbox 335 4228 425 4296; x_wconf 88' lang='lat' dir='ltr'>Laus,</span> <span class='ocrx_word' id='word_1_261' title='bbox 448 4228 552 4295; x_wconf 91' lang='lat' dir='ltr'>honor,</span> <span class='ocrx_word' id='word_1_262' title='bbox 575 4231 730 4304; x_wconf 83' lang='lat' dir='ltr'>virtusque</span> <span class='ocrx_word' id='word_1_263' title='bbox 754 4247 868 4288; x_wconf 90' lang='lat' dir='ltr'>summa</span> <span class='ocrx_word' id='word_1_264' title='bbox 890 4225 1057 4308; x_wconf 81' lang='lat' dir='ltr'>Singularis</span> <span class='ocrx_word' id='word_1_265' title='bbox 1081 4238 1218 4312; x_wconf 76' lang='lat' dir='ltr'>gloriae,</span> <span class='ocrx_word' id='word_1_266' title='bbox 1275 4247 1278 4252; x_wconf 87' lang='lat'>&#39;</span> <span class='ocrx_word' id='word_1_267' title='bbox 1302 4244 1306 4252; x_wconf 90' lang='lat'>&#39;</span> 
     </span>
     <span class='ocr_line' id='line_1_41' title="bbox 335 4311 1288 4393; baseline 0.01 -26"><span class='ocrx_word' id='word_1_268' title='bbox 335 4311 417 4381; x_wconf 82' lang='lat' dir='ltr'>Quae</span> <span class='ocrx_word' id='word_1_269' title='bbox 433 4314 528 4369; x_wconf 87' lang='lat' dir='ltr'>Deum</span> <span class='ocrx_word' id='word_1_270' title='bbox 543 4318 574 4370; x_wconf 90' lang='lat' dir='ltr'>te</span> <span class='ocrx_word' id='word_1_271' title='bbox 591 4316 777 4370; x_wconf 84' lang='lat' dir='ltr'>saeculorum</span> <span class='ocrx_word' id='word_1_272' title='bbox 790 4315 938 4375; x_wconf 65' lang='lat' dir='ltr'>&#39;Personet</span> <span class='ocrx_word' id='word_1_273' title='bbox 952 4337 1012 4393; x_wconf 41' lang='lat' dir='ltr'>perf</span> <span class='ocrx_word' id='word_1_274' title='bbox 1023 4323 1160 4380; x_wconf 87' lang='lat' dir='ltr'>saecula.</span> <span class='ocrx_word' id='word_1_275' title='bbox 1185 4325 1288 4382; x_wconf 82' lang='lat' dir='ltr'>Amen.</span> 
     </span>
    </p>
   </div>
   <div class='ocr_carea' id='block_1_15' title="bbox 681 4443 851 4451">
    <p class='ocr_par' dir='ltr' id='par_1_17' title="bbox 681 4443 851 4451">
     <span class='ocr_line' id='line_1_42' title="bbox 681 4443 851 4451; baseline 0.018 -3"><span class='ocrx_word' id='word_1_276' title='bbox 681 4443 851 4451; x_wconf 45' lang='lat' dir='ltr'>m*-</span> 
     </span>
    </p>
   </div>
   <div class='ocr_carea' id='block_1_16' title="bbox 0 0 1398 5024">
    <p class='ocr_par' dir='ltr' id='par_1_18' title="bbox 0 0 1398 5024">
     <span class='ocr_line' id='line_1_43' title="bbox 0 0 1398 5024; baseline 0 0"><span class='ocrx_word' id='word_1_277' title='bbox 0 0 1398 5024; x_wconf 95' lang='lat' dir='ltr'> </span> 
     </span>
    </p>
   </div>
  </div>
 </body>
</html>
