2728 5028
227 610 290 666 Rex
311 609 392 666 Deus
415 623 530 682 regum,
554 604 720 664 dominator
742 604 831 674 orbis,

222 697 320 754 'Cuius
343 693 382 752 ad
404 698 507 750 nutum
529 694 629 750 tremit
650 693 810 752 inferorum

169 781 205 842 15
228 781 337 848 Turba,
361 781 408 836 cui
430 797 542 854 pronus
565 778 727 836 famulatur
748 777 862 846 aether,

322 865 437 938 esum
460 863 568 922 suunt.

227 1003 309 1060 Laus
333 1004 372 1060 sit
394 1001 532 1059 excelsae
554 998 657 1056 Triadi
678 1001 827 1074 perennis,
999 1055 1005 1069 ,

229 1088 314 1160 Quae
336 1089 390 1146 tibi
411 1087 559 1162 praebens
583 1103 709 1160 superos
731 1086 871 1155 honores,
977 1153 980 1160 .

167 1232 171 1239 ,
226 1175 286 1232 Det
308 1177 366 1232 tuis
389 1172 475 1231 nobis
498 1173 612 1229 meritis
634 1171 741 1230 beatae
834 1227 838 1234 ,

322 1257 438 1317 Gaudia
460 1260 548 1317 vitae.

272 1523 378 1611 lete,
401 1540 503 1613 quem
524 1523 607 1590 mett
628 1523 772 1591 solioum
792 1521 926 1607 fideles.
1002 1515 1007 1527 '

390 1641 434 1697 De
453 1640 481 1695 S.
498 1639 611 1710 Ioseph.
647 1641 692 1697 Au
709 1639 832 1695 Eaudee.

279 1771 350 1840 Iste,
374 1789 463 1846 quem
485 1771 556 1828 laeti
580 1767 703 1828 colimus
726 1771 840 1840 fideles,

282 1857 372 1930 Cuius
397 1857 531 1916 excelsos
555 1857 687 1914 canimus
710 1857 887 1930 triumphos
949 1865 964 1894 ³
991 1913 1006 1934 .

281 1943 346 2000 Hae
370 1941 417 2000 die
439 1942 551 2016 Ioseph
573 1944 680 1999 meruit
702 1943 841 2020 perennis

433 2027 551 2085 Gaudia
571 2029 661 2085 vitae.
721 2094 724 2110 Ι

197 2151 204 2162 ’
237 2165 414 2224 50nimis
437 2166 515 2234 felix,
538 2165 665 2221 nimieo
687 2163 795 2222 beatus
905 2219 910 2224 ,

282 2251 383 2321 Cuius
397 2257 559 2308 extremam
580 2250 687 2326 uigiles
710 2249 749 2306 ad
770 2249 875 2306 horam

284 2335 431 2405 Christus
456 2342 486 2393 et
507 2338 599 2410 Virgo
623 2336 710 2392 simul
732 2337 893 2393 astiterunt

434 2421 493 2480 Ore
517 2424 657 2479 sereno!‘

282 2550 362 2616 llin'c‘
381 2560 479 2634 stygis
502 2560 607 2626 victor,
630 2559 739 2632 laqueo
763 2557 882 2616 solutus

222 2643 261 2702 10
284 2644 396 2712 Carnis,
420 2643 460 2702 ad
482 2643 571 2702 sedes
593 2641 711 2717 placido
735 2661 844 2716 sopore

281 2730 393 2806 Migrat
415 2735 563 2798 aeternas,
586 2729 744 2804 rutilisque
768 2729 860 2804 cingit

433 2813 581 2890 Tempora
604 2815 700 2871 sertis.

282 2935 363 3028 Ergo
385 2957 562 3028 regnantem
583 2953 753 3026 flagitemus
776 2967 888 3020 omues,

272 3027 426 3116 'Adsit'ut
447 3037 542 3106 nobie,
564 3033 742 3113 veniamque
764 3039 875 3095 nostris

218 3123 255 3182 15
279 3124 424 3180 Obtinens
448 3125 553 3198 culpis,
576 3123 688 3180 tribuat
710 3139 858 3198 supernae

433 3211 559 3266 Munera
580 3211 673 3282 pacis.
721 3259 730 3267 .
768 3243 775 3255 ·

282 3346 347 3403 Sint
369 3346 422 3403 tibi
443 3345 578 3420 plausus,
602 3347 656 3402 tibi
679 3347 738 3404 siut
759 3343 898 3413 honores,

162 3503 165 3506 ι
215 3431 222 3440 “
280 3431 377 3500 Triue,
401 3433 452 3508 qui
474 3449 583 3506 regnas
606 3433 697 3499 Deus,
722 3435 752 3488 et
775 3447 899 3488 coronas

280 3517 396 3574 Aureae
420 3535 506 3574 servo
529 3518 634 3574 tribuis
657 3515 738 3572 fideli

218 3603 259 3662 20
434 3603 528 3658 Omne
551 3619 606 3677 per
628 3619 743 3660 aevum.

255 3941 259 3946 ‚
345 3840 469 3950 nequa
490 3865 577 3932 solio
596 3861 704 3952 fortir
732 3863 884 3932 iberiae.
943 3870 945 3874 ’

155 4006 157 4015 ·
231 3972 274 4038 De
293 3985 319 4037 S.
338 3983 549 4060 Hermengildo.
573 3983 662 4050 (ΧΠΙ.
681 3985 760 4052 Apr.)
784 3983 828 4036 Ad
847 3983 998 4052 vesperae.
1133 4033 1135 4040 s

280 4107 390 4190 Regali.
410 4113 483 4172 solio
506 4115 591 4172 fortis
614 4113 729 4195 Iberiae

281 4199 512 4276 Hermeuegilde
533 4199 628 4268 iubar,
652 4200 748 4276 gloria
769 4199 946 4276 Martyrum,

279 4319 285 4334 κ
325 4286 435 4344 Christi
458 4304 533 4362 quos
557 4303 639 4344 amor
662 4285 746 4342 almis

367 4372 449 4430 Coeli
472 4372 607 4430 coetibus
628 4373 745 4432 inseritt
