2724 5026
636 453 644 468 ⁸
724 427 792 503 m

224 613 388 671 nonsoium
396 615 523 670 metrum
534 613 645 680 turbat,
660 613 716 670 sed
731 615 821 670 etiam
835 628 964 672 sensum.
986 613 1063 670 iiam
1075 629 1136 672 non
1149 613 1179 672 id
1189 631 1279 688 precu-
1346 663 1348 668 .

131 755 133 762 ,
225 701 396 774 carpocra
419 703 455 756 nt
477 701 506 757 S.
529 698 663 756 Barbara
688 699 906 770 interveniente
934 699 1020 758 nobis
1044 699 1131 757 detur
1153 717 1278 759 accessus
1347 729 1348 736 κ

193 859 197 864 ¹
225 785 263 842 ad
291 785 423 864 coeleste
453 786 621 842 convivium
649 787 679 840 in
701 786 884 842 universum:
909 789 942 841 ut
972 789 1239 842 aute-mortem
1257 787 1279 843 S.

223 871 374 928 Barbarae
398 871 538 945 suffragio
563 868 697 926 omnibus
721 871 899 928 Christianis
923 887 1040 927 sacrum
1062 873 1202 928 viaticum
1223 889 1280 926 con·

225 955 362 1023 cedatur,
389 956 464 1013 fusis
490 955 630 1030 precibus
653 961 728 1012 orat.
773 955 981 1013 Praetermisit
1001 957 1122 1013 Monius
1146 957 1280 1031 singulare
1348 955 1349 964 ’

225 1042 253 1100 S.
274 1043 428 1098 Barbarae
450 1041 638 1116 privilegium
659 1043 861 1108 notissimum,
885 1057 1061 1115 expressum
1083 1059 1108 1098 e.
1133 1061 1161 1118 g.
1183 1043 1212 1098 in
1232 1043 1280 1098 col·

141 1133 143 1138 '
222 1129 303 1184 lacta
329 1144 407 1201 quae
439 1127 527 1186 obvia
553 1131 601 1182 est
634 1127 664 1182 in
698 1126 823 1201 Proprio
857 1127 1080 1202 ibeiburgensi:
1115 1127 1280 1184 intercessio

224 1214 406 1288 quaesumus
428 1213 552 1268 Domine
574 1211 682 1268 beatae
698 1212 850 1270 Barbarae
864 1213 994 1287 Virginis
1017 1218 1048 1268 et
1063 1213 1204 1286 Martyris
1221 1219 1280 1269 tuac
1347 1241 1349 1252 ν

223 1299 260 1355 ab
284 1300 362 1354 omni
385 1313 439 1354 nos
469 1296 652 1355 adversitate
680 1302 834 1372 protegat3
848 1315 852 1326 ’
865 1303 896 1354 et
921 1312 976 1372 per
1005 1300 1069 1355 eius
1096 1300 1281 1355 interventum
1348 1319 1350 1372 ss

190 1383 202 1394 ‘
224 1385 473 1458 gloriosissimum
495 1385 681 1440 sacrosancti
703 1385 837 1457 corporis
854 1389 885 1440 et
900 1385 1055 1458 sanguinis
1070 1385 1190 1440 Domini
1200 1385 1280 1442 nostri

223 1471 292 1526 Iesu
316 1469 427 1526 Christi
450 1473 539 1524 ante
563 1467 663 1525 diem
686 1470 817 1526 exitus
840 1471 970 1526 nostri
993 1485 1048 1543 per
1069 1485 1172 1527 veram
1192 1471 1281 1544 poeni·

183 1588 195 1594 --
223 1556 348 1610 tentiam
375 1558 406 1610 ct
436 1555 582 1610 sinceram
603 1556 828 1626 confessionem
851 1557 1007 1629 percipere
1030 1567 1205 1614 mereamur.
1245 1555 1279 1612 Oi.

222 1639 358 1698 Thesfl.
381 1657 410 1714 p.
436 1639 503 1698 iri.
527 1665 570 1676 -
591 1637 651 1726 1110.
675 1640 775 1699 vuln.
800 1657 873 1698 cur.
896 1657 1001 1715 pecc.
1078 1671 1081 1678 .

653 1803 857 1816 ffl-

894 1812 909 1850 b

306 1913 377 1972 153.
408 1901 529 1982 [Laeto
559 1889 668 1971 corda
693 1921 903 1978 resonemus
933 1901 980 1970 Et
1001 1905 1039 1996 in
1060 1903 1148 1972 asiae
1171 1905 1281 1972 intuo.
1350 1871 1351 1906 ἢ

131 1989 134 2000 ’
215 2008 311 2090 μω.
356 1994 656 2057 DeS.Barbara.
700 1997 792 2056 Thes.
814 1997 850 2054 11.
874 2015 903 2074 p.
928 1993 1009 2072 aia]

309 2254 380 2314 154.
419 2241 556 2326 [Noooo
594 2245 711 2334 laada
747 2245 954 2315 barmoniae
996 2211 1093 2316 coeti
1131 2247 1282 2332 stampati

220 2327 453 2399 hierarchiae.
498 2339 543 2396 De
566 2341 596 2398 S.
617 2339 801 2399 Barbara.
847 2339 936 2398 Thes.
959 2341 997 2398 ΙΙ.
1020 2359 1050 2415 p.
1072 2335 1156 2412 223]

305 2613 378 2672 iit.
405 2601 542 2684 [Lactde
564 2603 862 2688 condiquiaaimuo
885 2603 968 2670 dica.
1001 2613 1046 2670 De
1069 2614 1098 2672 s
1113 2559 1279 2672 Nicolao.

219 2699 367 2812 Tmen·
389 2717 418 2772 p.
442 2691 504 2768 bo]
575 2721 579 2729 ‚
617 2756 700 2785 ,Ἣ
1161 2727 1176 2736 .·
1288 2735 1296 2742 .

701 2777 854 2785 ---—--

305 2885 376 2952 456.
413 2874 524 2958 [Laus
553 2879 587 2942 et
609 2877 723 2962 gloria
749 2875 828 2946 Dco
856 2881 904 2944 stt
931 2879 967 2944 in
994 2879 1150 2948 saccula.
1195 2889 1237 2946 De
1257 2887 1280 2942 S.

218 2973 392 3032 Nicolao.
436 2969 527 3028 Thes.
553 2969 590 3026 ΙΙ.
624 2991 652 3045 p.
679 2973 746 3032 179.
802 2973 891 3030 Mone
919 2971 1117 3046 111..p.451.
1164 2973 1280 3046 (Hsau

224 3060 375 3132 stuttgart
397 3055 447 3116 20.
473 3055 519 3113 12.
541 3055 590 3114 Jh.
614 3059 668 3114 mit
689 3052 882 3129 Neumeu.]]-
1188 3050 1194 3056 ’
1352 3085 1353 3090 1

153 3233 158 3247 x
243 3181 268 3236 1.
291 3177 371 3234 Laus
396 3181 426 3231 et
450 3175 545 3249 gioria
567 3174 624 3232 deo
647 3177 686 3232 sit
707 3178 737 3232 in
761 3177 900 3244 saecula(

97 3313 100 3320 ,
239 3265 266 3323 2.
290 3262 348 3332 Qui
370 3261 456 3330 nobis
479 3260 635 3317 Nicolaum
657 3261 780 3318 tradidit
803 3268 938 3320 sanctum
952 3263 1140 3337 praesulem,

118 3395 128 3404 ,
239 3351 266 3408 3.
289 3349 438 3405 Virtutum
461 3346 546 3403 donis
569 3347 690 3421 plenum
713 3363 747 3404 ac
771 3363 844 3404 suae
866 3347 965 3405 laudis
988 3347 1136 3422 cupidum

237 3436 266 3492 4.
289 3422 441 3490 Mundana
464 3437 559 3488 mater
582 3450 671 3506 quern
693 3433 826 3507 profudit
847 3433 966 3501 Patara,
1050 3442 1055 3454 “
1122 3443 1124 3448 ’

237 3519 266 3580 ὅ.
288 3519 366 3577 Urbs
390 3517 540 3593 quondam
563 3519 696 3574 clarain
718 3525 748 3575 te
770 3519 898 3593 pollens,
922 3519 1055 3577 Graecia.
1082 3527 1089 3538 “

237 3607 266 3664 d.
290 3606 359 3662 Mox
381 3604 478 3660 inians
501 3603 628 3660 mundus
652 3605 744 3660 semel
765 3621 908 3661 mammas
932 3607 1019 3673 suxit,
1043 3605 1138 3698 bisin
1162 3605 1278 3662 sabbato

238 3691 266 3750 7.
290 3691 323 3746 In
348 3693 455 3765 quarto
479 3694 575 3764 atquo
594 3693 679 3746 sexto
703 3689 751 3746 die
773 3707 885 3748 vacans
909 3691 1113 3748 abstinentiae.
1166 3691 1190 3710 ’·

237 3779 266 3835 8.
288 3776 345 3832 Hic
367 3776 482 3832 iuvenis
505 3775 614 3832 florens
636 3776 737 3832 limina
759 3776 961 3850 frequentavit
983 3777 1140 3846 ecclesiae,

238 3863 267 3921 9.
292 3861 415 3935 Spiritui
439 3877 547 3934 corpus
571 3861 671 3918 nobile
694 3861 877 3918 subiiciendo
902 3860 1013 3920 sedule.
1134 3875 1138 3882 '
1253 3851 1256 3858 Δ

219 3948 265 4006 io.
288 3945 429 4002 El‘cctnra
451 3948 580 4002 omnium
603 3945 778 4004 conscendit
800 3947 991 4021 pontificium.

218 4035 264 4091 11.
288 4032 331 4088 Ex
354 4031 453 4089 divino
475 4049 597 4088 munere
622 4031 774 4106 praeditus
798 4031 860 4088 adit
883 4033 1004 4106 gloriae.

218 4119 264 4178 12.
287 4115 343 4174 Hic
366 4121 482 4191 patrem
510 4117 547 4174 de
576 4117 702 4179 filiarum
730 4127 834 4192 stupro
862 4121 1041 4174 tractantem
1069 4121 1165 4174 mente
1188 4115 1277 4191 patria

420 4204 580 4260 miseratus
604 4207 660 4270 est,
992 4257 996 4261 .
1057 4205 1061 4224 ¹

224 4289 270 4348 111.
293 4287 454 4347 Condoluit
483 4287 674 4362 auri·pondo
701 4289 814 4345 formae
841 4290 1002 4363 virginum,
1031 4287 1112 4362 quod
1139 4287 1212 4344 clam
1239 4284 1277 4339 in·

408 4373 487 4431 'tulit
508 4375 607 4432 noctis
629 4379 773 4452 tempore.
1136 4381 1138 4386 “
