2772 5024
689 421 759 494 tlt

311 591 452 664 Christe
473 597 679 662 ametor-um
701 594 900 662 amemur
925 595 1024 662 ulma
1073 593 1139 662 lb.

377 697 461 749 Thes.
479 695 499 748 1.
522 713 549 763 p.
569 695 626 750 tot.
660 693 705 748 De
722 691 909 748 Dedicatione
928 696 1072 750 ecclesiae.

274 827 360 884 Brev.
384 825 537 883 Constant.
561 825 588 882 5.
610 843 706 899 pure.
744 825 772 882 u.
794 831 956 882 resonet.
1002 827 1030 884 7.
1053 825 1081 885 8.
1105 809 1264 884 redeunt

191 911 345 996 colenda
367 919 530 986 tempora
552 911 657 967 festa.
694 910 744 968 26.
765 913 865 986 regis
887 913 1050 968 immensi
1072 915 1264 988 vineaque.

479 1120 509 1188 0
535 1121 638 1190 beuta
660 1123 876 1190 Jerusalem.
920 1122 971 1189 M.

506 1224 539 1276 In
556 1223 774 1278 Restanratione
791 1224 938 1311 Basilicae.

318 1338 344 1394 0
366 1337 456 1395 beata
477 1337 660 1405 Jerusalem,
682 1337 888 1410 Praedicanda
911 1338 1016 1396 civitas

318 1423 401 1492 Quae
425 1425 483 1480 tuis
506 1423 586 1480 laeta
607 1423 772 1497 triumphas
795 1423 828 1480 In
852 1425 988 1500 supernis
1005 1422 1131 1481 civibus:

317 1509 461 1567 Innovata
483 1509 574 1584 Regia
598 1509 696 1582 amplo
720 1509 870 1566 claritatis
895 1511 1043 1583 stigmate.
1084 1583 1087 1592 .

319 1628 475 1704 Fulgidum
497 1633 620 1704 gestans
644 1630 794 1697 timorem,
821 1625 915 1684 Plena
937 1633 1032 1685 mater
1054 1629 1131 1698 filiis,
1156 1687 1161 1696 ,

276 1713 294 1772 5
317 1715 405 1772 Pacis
428 1715 523 1770 almae
547 1714 685 1788 gloriosis
708 1713 904 1770 Lactabunda
925 1711 1042 1782 tinibus,

242 1835 246 1839 Α
273 1876 278 1890 ⁵
318 1799 385 1856 Rite
406 1805 576 1857 restaurata
599 1800 679 1855 claro
707 1799 880 1856 Sanctitatis
899 1797 1049 1897 lampade.

318 1921 374 1978 Hic
397 1922 440 1976 tni
462 1919 564 1993 templi
587 1919 718 1994 refulget
740 1920 878 1976 Sanctior
898 1921 1049 1987 memoria,

318 2006 386 2062 Iure
409 2006 635 2062 restaurationis
658 2003 772 2060 Lucido
795 2002 974 2072 fundamine,

319 2091 416 2161 Quum
440 2090 556 2148 decoris
578 2091 674 2164 pollet
696 2092 755 2146 acti
781 2091 942 2164 Dignitatis
967 2089 1072 2147 sidere.

258 2213 296 2271 to
318 2211 361 2268 Te
384 2227 540 2286 precamur
555 2210 604 2266 hic
620 2209 737 2278 adesse,
762 2209 904 2266 Conditor
927 2211 1130 2266 sanctissime:

204 2351 206 2359 A
318 2297 435 2371 Hicque
451 2301 606 2370 promptus
620 2291 830 2352 consecrandis
848 2293 975 2352 Sedibus
987 2294 1133 2352 inlabere:

319 2383 419 2457 Atque
443 2387 634 2438 consecrator
655 2382 721 2456 ipse
748 2381 803 2438 Hic
827 2380 932 2438 adesto
955 2382 1072 2456 iugiter.

318 2501 380 2560 Iam
402 2502 545 2576 templum
568 2503 611 2558 tui
632 2501 754 2558 honoris
790 2501 883 2558 Effice
905 2517 960 2557 nos
984 2501 1133 2560 servulos:

249 2603 256 2617 ¹
318 2587 384 2645 Non
408 2605 485 2656 carc,
509 2605 568 2644 non
584 2586 676 2644 corda
690 2593 793 2644 nostra
814 2587 943 2644 Militant
959 2586 1131 2644 discrimini:
1227 2619 1231 2640 .

258 2674 295 2734 15
320 2673 380 2731 Sed
402 2679 454 2730 tuo
478 2690 564 2730 sacro
587 2672 678 2730 dicati
700 2672 870 2730 Serviamus
892 2673 1017 2730 Nemini.
1172 2669 1177 2675 “

230 2852 239 2866 ,
319 2793 412 2870 Regis
433 2794 483 2851 hic
505 2793 610 2850 Altare
634 2793 739 2848 summi
762 2793 807 2850 Sit
829 2809 986 2850 coruscum
1008 2792 1132 2848 lumine:

303 2881 365 2955 ¹Sit
386 2880 500 2936 honore
522 2880 736 2952 mancipatum,
761 2878 805 2934 Sit
826 2878 975 2952 repletum
997 2891 1132 2934 munere:

320 2966 365 3022 Sit
385 2965 515 3032 beatum,
539 2966 578 3022 sit
593 2981 740 3031 serenum,
764 2963 809 3020 Sit
829 2964 953 3038 placens
967 2962 1044 3037 Regi
1059 2961 1132 3020 Deo.

318 3083 375 3140 Hic
398 3083 450 3140 tibi
473 3089 641 3140 nostrorum
664 3085 742 3140 alma
764 3081 905 3140 Gordium
927 3083 1033 3138 altaria

255 3170 297 3231 20
320 3169 479 3238 consecra,
503 3167 637 3243 Supeme
656 3168 757 3237 Iudex,
780 3169 929 3226 Innovans
945 3186 1000 3225 nos
1023 3167 1140 3242 gratia:¹

321 3253 448 3311 Sedibus
470 3255 569 3329 illapsi
590 3253 704 3312 donans
727 3255 770 3311 De
795 3255 1086 3328 supernismunera.

318 3374 358 3432 Ut
380 3375 432 3432 tibi
447 3391 501 3450 per
519 3392 609 3430 omne
625 3375 766 3442 saeclum,
789 3374 918 3432 Trinitas
930 3373 1133 3441 Sanctissima‚

279 3496 282 3502 -
318 3460 363 3518 Sit
383 3460 487 3528 honor,
510 3461 653 3517 immensa
667 3461 760 3517 virtue
783 3459 821 3516 Et
842 3461 981 3533 perennis
1005 3459 1108 3533 gloria,

319 3545 376 3618 Qui
399 3547 479 3604 Deus
502 3547 532 3602 in
554 3545 698 3604 Trinitate
726 3544 887 3602 Permanes
911 3547 940 3601 in
964 3545 1093 3626 saecula.

434 3771 625 3842 Olduuere
645 3773 765 3860 polum
784 3771 906 3840 nubile
928 3771 1023 3840 coeli.

382 3873 466 3930 'l’hea
485 3877 507 3929 I.
520 3895 552 3944 p.
569 3879 611 3932 29.
646 3873 679 3927 In
696 3873 886 3942 postulatione
905 3873 1076 3928 serenitatis.

627 3997 828 4006 --—----.--

389 4061 566 4152 Squalent
585 4082 676 4130 areu
697 4062 764 4130 roll
783 4064 932 4150 pulvere
952 4062 1068 4131 mullo.

418 4167 502 4219 Thes.
521 4164 542 4216 Ι.
560 4181 587 4231 p.
605 4165 646 4236 ili.
681 4163 715 4216 In
737 4164 901 4231 precatione
918 4164 1038 4232 pluviae.

277 4276 361 4338 Beda
383 4273 428 4357 de
442 4275 557 4345 Matris,
580 4276 696 4332 Putsch
709 4295 738 4350 p.
755 4275 837 4336 1377
852 4294 909 4352 sq.:
938 4277 1062 4334 Metram
1084 4263 1266 4350 Dactyls'cum'

197 4370 404 4428 Petrumelrum
426 4363 624 4424 Catalcctieum
647 4369 761 4420 coastat
782 4381 798 4418 e
819 4363 954 4440 spondeo,
979 4362 1093 4436 dactylo
1115 4363 1259 4431 catalecto,
1320 4365 1337 4402 θ
