2732 5026
705 318 888 428 rso

268 533 479 600 Miraculorum
501 547 683 616 praepotens
804 539 871 596 Non
893 543 963 596 unte
987 536 1095 596 saeclis
1125 537 1274 613 cognitum

209 629 247 688 10
270 633 401 685 attactus
425 629 486 684 alto
509 628 627 684 flumine
805 629 897 682 noctu
918 624 1003 706 iubar
1030 623 1195 691 effulserat,

269 710 455 788 resplenduit
477 713 621 788 prodigiis
744 711 781 770 15
806 727 864 786 quo
888 715 970 768 totus
994 709 1074 768 orbis
1097 711 1232 767 cernitur

270 803 396 858 venture
419 799 527 856 saeclis
553 799 721 874 procinens.
809 796 937 854 ethaeo
960 801 1041 854 terra
1064 797 1255 870 conspicitur,

513 917 558 974 Sit
580 916 718 973 Trinitoti
741 915 836 992 gloria

513 1005 552 1059 sit
573 1019 682 1078 perpes
706 1007 737 1058 et
759 1001 936 1070 sublimitas,

514 1105 591 1162 quae
613 1093 675 1144 tum
696 1087 849 1144 lucernam
870 1084 1014 1164 fulgidam

376 1227 380 1234 ,
445 1173 487 1232 20
510 1172 630 1232 donavit
651 1177 754 1230 nostro
778 1173 907 1229 saeculo.

292 1269 382 1349 Mune
404 1291 455 1350 III.
478 1291 593 1366 12:226.
616 1292 670 1360 (Hs
694 1311 730 1348 zu
751 1293 902 1366 Stuttgart
927 1293 974 1350 11.
996 1290 1100 1348 Jahrh.
1126 1307 1181 1348 eus
1205 1291 1274 1354 Zwi·
1348 1283 1350 1318 ³

208 1379 308 1435 salton.
352 1378 405 1434 Hs.
430 1397 467 1436 zu
488 1379 639 1436 Miinohen
663 1379 734 1436 Clm.
761 1378 863 1436 19824
886 1377 938 1434 des
965 1377 1011 1436 15.
1035 1373 1150 1444 Jahrb.)
1173 1377 1273 1434 Dieses
1349 1373 1350 1382 ’

208 1463 270 1520 und
292 1463 346 1518 das
368 1463 509 1538 folgendc
524 1463 600 1520 Lied
623 1465 689 1520 sind
711 1479 766 1520 aus
790 1463 843 1520 der
859 1467 960 1532 ersten
974 1463 1075 1520 Heme
1098 1461 1151 1518 des
1168 1461 1274 1518 Mittel·
1348 1495 1350 1538 l

116 1606 119 1615 ,
156 1596 163 1610 ,
209 1550 317 1616 altere,
347 1549 597 1630 ushrscheinlich
629 1567 683 1606 eus
714 1548 781 1604 dem
809 1548 836 1606 6.
860 1548 964 1604 Jahrh.
989 1546 1051 1614 (??).
1098 1547 1145 1606 10.
1160 1547 1272 1603 'almo
1349 1617 1350 1620 Ἴ

212 1637 260 1694 12:
282 1635 514 1708 praecinens.

643 1731 845 1738 *Μ

212 1842 364 1933 Christe,
383 1841 434 1930 fit
459 1847 541 1914 lecu
572 1844 719 1932 Summi,
751 1851 884 1914 mentes
907 1851 1054 1914 nostras
1077 1847 1192 1926 cirita.
1234 1843 1272 1912 ll.

188 1953 192 1961 '
605 1945 649 2000 De
673 1947 701 2000 S.
719 1947 884 2002 Benedicto.

295 2077 424 2146 Christe,
447 2079 488 2134 fili
511 2077 581 2134 Iesu
605 2080 724 2146 summi,
748 2083 863 2136 mentes
886 2083 1005 2136 nostras
1028 2079 1126 2146 visita,

295 2163 467 2238 coaequalis
489 2161 572 2219 Patri
595 2168 686 2238 etque
709 2165 787 2220 Nato
811 2165 887 2220 alme
912 2165 1050 2238 Spiritus,

293 2266 353 2304 unu
374 2249 478 2316 virtus,
502 2247 602 2305 lumen
624 2267 723 2320 unum,
746 2250 827 2306 Deus
850 2267 959 2324 perpes
984 2267 1020 2306 ex
1041 2251 1114 2308 Deo.

294 2351 386 2449 Auge·
403 2363 492 2424 fidem
514 2386 620 2442 puram
641 2371 751 2426 nostris
775 2387 893 2443 semper
915 2370 1046 2427 clemens
1070 2368 1215 2443 sensibus,

252 2453 271 2512 5
295 2472 354 2528 quo
377 2453 458 2510 besti
480 2453 636 2511 Benedicti
660 2455 791 2512 colamus
815 2455 979 2524 sollemnia,
1101 2533 1105 2540 Χ

293 2545 327 2595 ut
350 2539 516 2614 exemplum
537 2541 578 2614 pii
601 2539 704 2596 Patris
721 2558 779 2596 non
803 2539 881 2596 desit
901 2539 1064 2616 discipulis.
1103 2612 1105 2616 .
1131 2599 1134 2604 ,

295 2657 391 2729 Quem
414 2659 531 2716 donasti
554 2663 606 2715 tuo
630 2659 749 2716 Christe
773 2661 897 2716 coelesti
921 2677 989 2716 cum
1010 2677 1143 2728 munere,

294 2749 327 2800 ut
349 2745 493 2800 honorem
515 2743 616 2800 mundi
639 2763 754 2800 onmem
777 2749 876 2801 mente
898 2746 985 2803 flocci
1006 2745 1162 2826 penderet,

295 2831 386 2904 teque
410 2830 506 2886 solum
528 2831 640 2886 fontem
662 2832 741 2887 vitae
765 2829 903 2904 diligeret
924 2833 1068 2906 perpetis.

233 2949 271 3006 10
294 2947 380 3006 Alme
404 2948 514 3005 Christi
538 2951 710 3022 sempiterni
731 2948 896 3007 Benedicte
921 2929 1084 3019 consessor,
1177 3007 1181 3012 .

295 3051 362 3088 curn
386 3035 494 3089 ceteris
516 3035 571 3090 Dei
594 3037 706 3092 sanctis
729 3053 806 3100 nunc
829 3054 884 3109 pro
907 3037 992 3093 nobis
1017 3037 1155 3111 supplica

120 3159 133 3174 f
246 3164 248 3168 .
296 3118 426 3186 Christo,
450 3136 509 3192 quo
532 3117 671 3194 dignetur
694 3137 762 3177 esse
783 3123 919 3194 peccatis
942 3123 1101 3196 propitius.

294 3237 377 3294 Doxa
399 3237 462 3293 Deo
485 3237 566 3294 Petri
589 3240 667 3294 trina
690 3241 728 3295 sit
749 3241 867 3314 regenti
889 3239 1056 3297 machinam
1111 3264 1120 3280 e

295 3325 419 3398 eiusque
441 3321 522 3379 Proli
544 3324 610 3380 laus
632 3331 820 3397 perpes‘nee
842 3343 901 3382 non
925 3332 1028 3383 saneto
1052 3327 1214 3394 Pneumati,

233 3406 271 3465 15
295 3409 379 3464 trinis
403 3408 513 3483 quibus
536 3410 566 3464 in
587 3412 724 3482 personis
747 3415 855 3485 regnat
876 3428 936 3468 una
957 3412 1071 3468 Deitas.
1169 3467 1171 3472 ,

646 3541 794 3548 ,ΜΨ-
802 3543 847 3548 -..-

293 3601 364 3668 Eia
381 3599 521 3687 fratres
543 3603 755 3680 extollamus
785 3607 935 3672 odarum
958 3599 1195 3674 concentibus.

607 3701 651 3756 De
676 3704 703 3758 S.
726 3705 882 3774 Rudperto.
948 3717 949 3720 ’

324 3831 390 3906 =Eia
412 3832 520 3888 fratres
544 3833 720 3890 extollamus
744 3833 867 3892 odarum
891 3839 1086 3896 concentibus

335 3918 504 3974 inminentis
526 3918 596 3974 festi
620 3917 697 3975 diem
719 3921 774 3976 toti
796 3907 903 4003 κόσμῳ
927 3924 1086 3992 celebrem,

336 4019 395 4076 quo
419 4003 548 4058 concinit
570 4004 647 4060 inter
670 4004 778 4062 choros
801 4005 973 4082 liudpertus
997 4011 1162 4086 angelicos.

336 4119 393 4189 Qui
414 4137 582 4196 praesagus
606 4125 877 4184 emetcticarnalis
900 4129 1029 4186 terminii

292 4204 311 4262 5
336 4211 436 4262 erecta
460 4223 513 4279 spe
538 4207 696 4264 celebratis
719 4210 876 4267 missarum
899 4213 1062 4271 sollemniis

335 4289 564 4346 resurrectionis
588 4291 635 4348 die
659 4293 774 4350 solutus
798 4301 845 4352 est
868 4314 1002 4372 corpore.
