2732 5026
696 413 801 498 lat'

149 631 152 649 ι
196 624 216 682 y
239 623 266 675 o,
291 613 430 680 quatorze
452 607 606 682 dereptus
627 607 713 675 tuat,
736 607 897 675 Diaconos,
928 614 958 663 et
979 607 1034 664 ἴση
1056 625 1074 664 a
1096 606 1160 682 dc'jd
1183 607 1275 666 notti-

196 692 296 750 aanor
315 692 514 758 arridencia
535 710 583 752 cer
599 695 746 752 uariantes
768 693 1003 768 dortdoproplcie
1016 693 1199 768 o’impirent
1211 712 1274 768 par

137 778 139 784 ’
197 797 254 836 uae
276 779 388 852 prande
401 780 547 850 constance
569 777 642 850 dans
664 780 692 836 lo
707 781 869 851 correction
891 779 929 836 du
951 797 1001 836 ons.
1018 803 1062 818 ··-
1076 777 1118 846 At
1137 779 1275 854 tuiquius

196 862 309 922 iudicat
331 864 382 920 Vir
394 863 518 922 Doctus.
555 863 630 920 Nam
645 881 718 922 usus
733 866 816 922 vocis
832 865 945 922 Diacon
968 869 999 922 et
1013 865 1165 924 Diaconus
1189 863 1276 938 apud
1300 873 1304 876 ·

132 973 134 980 s
195 966 287 1008 unum
303 947 490 1023 eundemque
507 949 683 1022 scriptorem
705 952 893 1023 promiscuus
909 954 970 1006 est:
995 967 1050 1008 nee
1072 949 1275 1024 magni'racio

194 1035 397 1108 interpretem,
420 1039 454 1092 ut
474 1033 621 1108 poscebat
642 1035 811 1109 rhythmica
833 1037 919 1104 ratio,
944 1035 1100 1110 scripsisse
1121 1034 1277 1110 Hssfipald

196 1137 231 1178 ac
253 1119 444 1194 Hiltipaldus.

55 1179 57 1184 =
161 1249 162 1252 ¹
279 1222 329 1278 XI.
357 1225 382 1280 1.
405 1221 440 1277 Β.
467 1221 553 1278 hinc
584 1220 625 1278 de
655 1223 775 1278 cella.x
802 1223 830 1281 2.
861 1222 894 1280 B.
924 1227 1034 1279 tenet
1062 1221 1135 1278 rab.
1181 1222 1212 1280 3.
1240 1222 1275 1278 Β.

195 1309 367 1454 ἓιιτᾱοῐιείε
390 1313 485 1365 torv.
502 1324 575 1364 cor.
600 1307 633 1377 5.,
647 1307 680 1364 A.
704 1307 800 1382 disp.
821 1309 1014 1382 protInus.
1046 1307 1275 1366 A.B.Grimm:

224 1411 240 1452 e
274 1395 305 1450 it
328 1398 373 1449 et.

280 1495 344 1552 XII.
372 1497 396 1552 l.
420 1493 455 1550 A.
480 1463 603 1568 optat.
649 1497 678 1555 Β.
703 1495 738 1551 A.
761 1495 795 1552 B.
827 1498 917 1571 quis
946 1493 1163 1552 Johannem
1185 1513 1277 1570 pro·

195 1583 316 1657 prium
340 1580 580 1652 sacrandum
611 1579 676 1638 det
706 1581 800 1638 disc.
846 1581 874 1640 3.
898 1581 933 1638 Α.
957 1581 1090 1641 divIno
1113 1584 1274 1639 numius.

195 1669 228 1724 B.
252 1668 419 1725 tonantis
442 1668 591 1723 numius.
637 1667 664 1723 4.
688 1666 722 1723 A.
746 1669 897 1724 antmam
915 1667 996 1724 abb.

279 1769 358 1826 XIII.
383 1769 411 1828 2..
437 1768 563 1826 Grimm:
601 1775 776 1843 petroso,
815 1769 863 1826 vel
899 1775 1084 1848 petrosae,
1143 1769 1216 1830 Vox
1248 1772 1276 1828 in

76 1893 81 1902 .
195 1853 365 1912 membrana
389 1853 517 1912 difficilis
533 1861 580 1912 est
603 1853 833 1930 adlegandum:
858 1851 912 1911 sed
928 1872 985 1930 ego
1000 1856 1062 1930 legi
1083 1855 1276 1932 perbrevi

193 1941 229 1996 A.
258 1941 292 1996 Β.
325 1945 492 1997 extracto
521 1941 621 1998 b'revi
653 1945 796 2027 spagno.
849 1941 877 1998 3.
907 1941 942 1996 B.
973 1941 1063 1997 fecit
1099 1939 1277 1998 tabulam

194 2027 371 2086 minorem
398 2023 535 2084 orando
565 2027 777 2102 longiorem.
822 2026 850 2082 4.
873 2025 901 2084 5.
925 2025 960 2082 A.
991 2025 1178 2101 Egressus
1215 2025 1277 2083 Ar-

193 2112 320 2172 bonam
343 2106 552 2188 sumpturus
583 2113 868 2179 iam'coronam‚
899 2103 1090 2190 prae'dicat
1118 2111 1276 2173 verbum

175 2217 302 2270 more,
327 2216 375 2274 sp.
399 2202 507 2254 tonat
530 2215 599 2254 ore.
645 2197 678 2258 Β.
711 2203 886 2256 evocatus
917 2203 1076 2270 castrum
1098 2225 1141 2234 -—
1165 2215 1276 2272 prac-

195 2283 293 2341 dicat
313 2277 372 2338 hic
396 2282 438 2339 de
461 2301 564 2340 more.

222 2437 224 2442 .
278 2385 354 2446 XIV.
378 2388 407 2448 Β.
424 2385 459 2445 Α.
476 2385 510 2442 Β.
534 2349 686 2444 efflavit
708 2385 742 2443 G.
767 2387 944 2460 spIritum.
983 2347 1063 2456 3,.,Α.
1087 2390 1274 2460 portavit.

193 2473 226 2534 B.
250 2477 385 2553 portat.
426 2471 454 2532 5.
471 2471 505 2530 A.
530 2473 594 2530 cal.
621 2477 771 2530 sanetas
794 2471 863 2546 iud.
887 2469 1029 2534 debilis.
1067 2471 1101 2530 Β.
1126 2477 1276 2532 contra·
1323 2514 1326 2523 ·

194 2562 276 2618 ctus
300 2563 343 2614 et.

168 2713 170 2718 .
278 2661 339 2718 XV.
366 2663 391 2718 1.
416 2660 451 2722 A.
476 2659 519 2718 ad
540 2661 606 2717 lav.
650 2661 678 2720 2.
703 2666 738 2718 et
758 2665 930 2728 sacratae
953 2658 1118 2723 videmus
1143 2662 1276 2718 vnlne-

146 2829 147 2832 ,
192 2751 305 2806 ratae.
356 2747 383 2806 3.
412 2748 448 2806 A.
479 2763 573 2820 cape.
605 2747 693 2804 eius.
738 2745 771 2802 Β.
797 2763 821 2804 c.
848 2745 952 2804 Galli.
997 2747 1026 2804 ll.
1050 2744 1085 2800 A.
1118 2761 1276 2806 oernen—
1320 2795 1325 2808 .

193 2831 291 2896 tibus
313 2832 372 2896 hio
392 2834 562 2893 cilicium.

277 2934 353 2992 XVI.
385 2937 411 2992 1.
444 2934 569 2992 Grimm:
602 2940 795 3010 sacratum.
841 2933 877 2990 A.
910 2933 1080 3005 consulto
1111 2934 1277 2992 mambra

192 3021 372 3094 martyris.
417 3019 451 3076 B.
481 3020 637 3076 Ioannes
660 3021 823 3076 membra
848 3025 949 3076 mart.
995 3021 1025 3078 Β.
1048 3019 1082 3074 Β.
1110 3019 1276 3092 imposu-

193 3105 559 3163 erat-laxaverat.
605 3106 645 3177 ll„
666 3104 844 3162 sacerdos
874 3111 991 3180 atque.
1044 3103 1274 3164 aiubilant.

276 3207 366 3264 XVII.
392 3207 420 3266 5.
445 3208 479 3262 A.
504 3207 537 3262 B.
562 3213 660 3264 trem.
686 3209 839 3264 numine.

279 3309 441 3367 Grimmius·
459 3329 488 3385 p.
512 3307 637 3372 XXXIV
667 3329 732 3386 sqq.
764 3309 800 3366 de
830 3311 953 3367 metrica
983 3309 1120 3383 carminis
1151 3313 1277 3368 ratione

194 3395 344 3479 disputat,
376 3387 464 3474 q'uam
495 3402 649 3472 comparat
679 3413 746 3452 cum
777 3397 908 3470 strophis
933 3394 1062 3470 Ottfridi.
1106 3394 1180 3458 Alia
1213 3415 1278 3454 am·

192 3483 335 3556 plectitur
357 3483 405 3540 Du
428 3481 516 3541 Merit
537 3502 566 3556 p.
595 3482 654 3540 159
678 3501 722 3558 sq.
778 3481 818 3540 At
843 3499 914 3540 vero
939 3499 1007 3542 cum
1028 3479 1113 3536 nobis
1136 3482 1166 3544 in
1192 3482 1277 3544 hano

192 3585 314 3638 arenam
336 3587 395 3624 non
408 3567 651 3629 descendendum
667 3569 714 3635 sit,
737 3569 819 3624 iuvat
834 3565 944 3623 addere
961 3565 1086 3625 duorum
1103 3569 1278 3634 carminum

191 3655 336 3721 notitiam,
361 3671 438 3728 qnae
462 3655 667 3727 suprascripto
691 3651 850 3708 admodum
865 3651 970 3712 similia
993 3657 1070 3707 sunt.
1108 3649 1222 3710 Exstat
1246 3657 1276 3710 in

191 3738 379 3798 Bibliotheca
402 3739 635 3795 Helmstadiensi
651 3739 719 3794 Vita
734 3739 771 3793 Β.
785 3737 917 3812 Ludgeri
933 3738 1065 3804 metrica,
1089 3752 1165 3796 anno
1188 3739 1277 3798 1138

193 3827 377 3900 conscripta:
408 3825 607 3900 fragmentum
637 3825 706 3899 lego
738 3821 818 3897 apud
846 3823 1003 3880 Behrends
1032 3821 1135 3881 Leben
1158 3821 1220 3882 des
1244 3825 1275 3880 h.

191 3909 349 3985 Ludgerus
372 3927 400 3984 p.
428 3909 499 3968 164:

343 4028 491 4091 Fundam
512 4031 635 4103 iusuper
657 4031 714 4086 tria
736 4030 804 4088 loon
825 4029 938 4102 pariter

342 4116 473 4176 Numero
495 4117 630 4175 locorum
653 4121 726 4190 quot
749 4119 779 4172 et
800 4115 991 4188 populorum:

343 4201 538 4269 WerthInom,
554 4199 762 4266 Halmiustadt.
772 4201 925 4262 monachis
941 4199 1117 4262 fundaverat

344 4289 389 4345 De
410 4289 596 4362 proprietate
619 4285 886 4353 vel‘haereditata
962 4315 966 4322 ·

153 4407 157 4418 ι
236 4426 266 4441 ,,
344 4374 383 4428 Et
403 4373 591 4446 episcopium
612 4371 725 4466 diotpnr
746 4372 969 4432 Monostorlum.
