2788 5024
606 405 673 480 11

372 590 422 648 hic
444 591 571 663 accepit,
594 603 654 648 nan
677 589 807 662 decepit,

373 676 410 734 ob
433 675 491 732 hoc
515 677 608 732 currit
630 680 661 730 et
683 692 743 730 nun
763 675 843 747 repit

415 761 454 818 sd
477 760 525 818 dei
546 761 698 834 palatium.

330 879 402 940 ht)
426 879 661 966 Georgi-,tunde
683 892 800 953 preces,
844 933 856 956 ,

372 967 455 1024 urbis
478 971 549 1023 tuae
571 966 645 1022 tolle
666 966 767 1022 faeces

416 1058 507 1126 atque
531 1069 648 1108 omnem
671 1051 807 1116 scemam,

372 1141 406 1192 ut
427 1136 561 1194 mundati
584 1142 615 1193 ct
635 1137 758 1213 purgati

313 1276 318 1279 .
372 1227 403 1280 te
426 1223 551 1281 ducum
572 1221 778 1298 perducantur

414 1307 453 1364 ad
476 1308 639 1364 coelestem
661 1309 794 1382 gloriam.

186 1563 256 1624 509.
281 1551 481 1644 [Excitetp
484 1553 557 1622 leba
574 1553 730 1638 fidetium
750 1550 891 1622 Chorus
916 1570 962 1620 ue
978 1547 1167 1618 Narnien-

99 1637 201 1705 sium.
245 1650 298 1704 De.
322 1647 350 1705 S
372 1649 565 1763 Iuvenale.
609 1647 699 1706 Thes.
720 1645 758 1704 ΙΙ
782 1571 918 1724 112413
1165 1684 1169 1693 =

537 1822 739 1831 m

187 1938 259 2000 510
304 1930 359 2008 [In
386 1927 455 1996 hac
480 1931 576 1998 valle.
599 1932 845 2018 lacrymarum.
889 1938 934 1995 De
959 1935 990 1995 S.
1012 1937 1169 1994 Musica.

102 2024 192 2081 Mone
214 2025 264 2082 III.
287 2044 315 2100 p.
340 2023 422 2093 447]

78 2217 82 2224 ι
126 2147 152 2201 1.
168 2145 202 2200 In
223 2146 281 2202 hac
302 2145 381 2202 valle
404 2146 603 2219 lacrymarum
658 2146 685 2204 9.
701 2141 1170 2219 HaecAugustinumdoctcrem,

167 2231 286 2287 claruit
294 2232 345 2287 tm
366 2231 524 2289 viduarum
701 2231 848 2288 ecclcsiae
872 2234 994 2286 sanctae
1017 2230 1127 2297 lumen,

210 2323 315 2413 sancta
337 2323 432 2374 mater
454 2317 586 2374 Monica:
720 2315 846 2392 protulit
868 2314 1098 2390 praefulgidum,

125 2439 153 2498 2.
170 2438 238 2494 Fuit
259 2436 350 2496 vidua
371 2438 447 2494 haec
471 2443 585 2506 sancta,
644 2438 689 2496 10.
705 2437 814 2493 Munus
837 2436 895 2491 hoc
921 2441 1009 2510 pater
1030 2436 1172 2491 luminum

168 2527 252 2580 casta
273 2540 310 2580 ac
332 2521 483 2598 rehgiesa
703 2519 1023 2596 contulitquodtctum
1031 2519 1172 2580 mundum

210 2609 290 2667 mitis
312 2613 405 2682 atque
429 2609 537 2678 sobria,
726 2609 814 2678 ¹iecit
835 2607 1119 2690 praeclarissimum¹

127 2727 154 2784 3.
171 2727 233 2783 Nec
248 2743 308 2782 non
323 2728 441 2784 fervens
450 2732 480 2783 et
494 2727 624 2802 benigna
642 2729 688 2786 11.
704 2698 786 2784 ilaec
809 2728 934 2801 largiter
955 2725 1114 2794 tribuebat,

138 2867 146 2886 ,
168 2815 346 2887 patiensque
370 2818 400 2870 et
422 2811 561 2872 modesta
701 2814 882 2870 infirmorum
903 2811 1027 2868 liniebat

212 2898 359 2954 existebat
381 2899 521 2967 moribus,
744 2900 899 2956 cicatrices
922 2898 1087 2964 vulnerum,

125 3019 155 3074 4.
172 3017 303 3074 Assihua
325 3035 361 3074 ac
377 3017 487 3076 derata
643 3021 690 3078 12.
706 3019 865 3087 Alimenta,
889 3019 1069 3074 monimenta

167 3104 224 3160 fuit
245 3117 366 3179 quoque
389 3121 509 3180 semper
531 3110 597 3161 tota
705 3105 858 3162 animabus
883 3109 913 3161 et
935 3098 1068 3160 fomenta

210 3191 456 3246 morationibus.
675 3193 678 3197 '
743 3189 920 3264 corporibus
942 3207 1116 3264 pauperum.
1168 3243 1185 3252 ,
1240 3213 1248 3222 ·

125 3309 152 3367 5.
169 3309 239 3365 Viro
262 3304 390 3382 namque
412 3307 534 3382 viduata
642 3311 689 3369 13.
704 3310 787 3367 Haec
811 3315 858 3366 est
879 3310 931 3365 illa
953 3308 1111 3366 benedicta

168 3395 240 3452 vixit
261 3395 291 3450 in
313 3393 458 3451 viduitate
704 3395 794 3453 vidua
817 3396 1000 3470 evangelica,

205 3481 290 3536 anuis
314 3478 446 3536 sedecim
469 3480 597 3548 circiter,
749 3497 840 3555 quarn
861 3479 996 3536 laudavit
1011 3478 1158 3548 dominus,

127 3599 155 3658 6.
171 3598 282 3656 Christi
304 3601 374 3674 iugo
398 3600 579 3674 mancipavit
642 3600 688 3658 14.
705 3599 790 3668 Quae
812 3599 880 3673 pius
904 3600 1039 3656 omnibus
1062 3598 1176 3656 imbuta

170 3703 238 3742 sese
261 3689 356 3742 totam
380 3689 410 3741 et
431 3687 550 3760 vacavit
620 3762 625 3772 1
704 3685 763 3741 duo
787 3684 932 3742 mittendo
955 3687 1068 3742 minuta

169 3769 225 3827 deo
249 3789 366 3829 summo
388 3771 571 3846 simpliciter.
745 3773 775 3828 in
798 3771 1064 3846 gazophylacium:

128 3891 155 3948 7.
172 3891 282 3948 Christi
305 3909 387 3947 amor
409 3890 586 3949 vulnerabat
645 3891 693 3950 15.
709 3891 774 3948 Duo
799 3897 868 3948 sunt
890 3892 1003 3948 minuta
1024 3891 1076 3948 illa

169 3983 299 4033 mentem
322 3979 395 4052 eius,
420 3994 488 4033 nam
502 3975 643 4051 portabat
707 3978 895 4052 Augustinus
919 3983 949 4034 et
970 3975 1098 4045 Monica,

212 4081 331 4120 crucem
355 4065 418 4120 eius
442 4063 560 4138 iugiter,
753 4081 879 4138 corpore
903 4069 935 4120 et
955 4063 1066 4132 anima3

129 4182 157 4240 8.
176 4182 236 4240 Sed
258 4188 289 4239 et
312 4183 425 4242 Christi
444 4184 617 4258 passionem
646 4182 793 4252 16.ch
815 4185 949 4259 suscepit
970 4185 1039 4258 pius
1061 4179 1157 4252 Iecur,

173 4267 264 4324 eorde
287 4286 341 4325 suu
365 4273 397 4326 st
419 4285 546 4345 agonem
570 4295 575 4302 ¹
706 4271 759 4346 qui
783 4275 830 4328 est
853 4271 965 4327 mactis
984 4274 1084 4343 potus,
1108 4286 1178 4326 esus

214 4355 305 4412 fixam
324 4353 440 4412 habeus
462 4356 598 4416 firmiter„
752 4358 783 4413 in
806 4357 933 4414 coelesti
952 4356 1059 4430 patria.

927 4447 977 4506 1⁷·
