<?xml version="1.0" encoding="UTF-8"?>
<!DOCTYPE html PUBLIC "-//W3C//DTD XHTML 1.0 Transitional//EN"
    "http://www.w3.org/TR/xhtml1/DTD/xhtml1-transitional.dtd">
<html xmlns="http://www.w3.org/1999/xhtml" xml:lang="en" lang="en">
 <head>
  <title>
</title>
<meta http-equiv="Content-Type" content="text/html;charset=utf-8" />
  <meta name='ocr-system' content='tesseract 3.04.00' />
  <meta name='ocr-capabilities' content='ocr_page ocr_carea ocr_par ocr_line ocrx_word'/>
</head>
<body>
  <div class='ocr_page' id='page_1' title='image "./thesaurushymnol04danigoog/thesaurushymnol04danigoog_0173.png"; bbox 0 0 2772 5024; ppageno 0'>
   <div class='ocr_carea' id='block_1_1' title="bbox 99 591 1171 676">
    <p class='ocr_par' dir='ltr' id='par_1_1' title="bbox 99 591 1171 676">
     <span class='ocr_line' id='line_1_1' title="bbox 99 591 1171 676; baseline -0.001 -22"><span class='ocrx_word' id='word_1_1' title='bbox 99 593 225 670; x_wconf 61' lang='lat' dir='ltr'><strong>strom</strong></span> <span class='ocrx_word' id='word_1_2' title='bbox 246 593 332 653; x_wconf 56' lang='lat' dir='ltr'><em>W</em></span> <span class='ocrx_word' id='word_1_3' title='bbox 346 591 492 665; x_wconf 57' lang='lat' dir='ltr'><strong>fairwu</strong></span> <span class='ocrx_word' id='word_1_4' title='bbox 517 593 579 676; x_wconf 55' lang='lat' dir='ltr'><strong>aad</strong></span> <span class='ocrx_word' id='word_1_5' title='bbox 605 594 680 654; x_wconf 65' lang='lat' dir='ltr'><strong>{bert</strong></span> <span class='ocrx_word' id='word_1_6' title='bbox 708 593 755 652; x_wconf 71' lang='lat' dir='ltr'><strong>die</strong></span> <span class='ocrx_word' id='word_1_7' title='bbox 777 593 865 655; x_wconf 72' lang='lat' dir='ltr'><strong>lente</strong></span> <span class='ocrx_word' id='word_1_8' title='bbox 884 599 954 668; x_wconf 61' lang='lat' dir='ltr'><strong>bey-</strong></span> <span class='ocrx_word' id='word_1_9' title='bbox 1001 595 1171 656; x_wconf 65' lang='lat' dir='ltr'><strong>reanum</strong></span> 
     </span>
    </p>
   </div>
   <div class='ocr_carea' id='block_1_2' title="bbox 96 678 1277 756">
    <p class='ocr_par' dir='ltr' id='par_1_2' title="bbox 96 678 1277 756">
     <span class='ocr_line' id='line_1_2' title="bbox 96 678 1277 756; baseline 0 -18"><span class='ocrx_word' id='word_1_10' title='bbox 96 682 177 756; x_wconf 68' lang='lat' dir='ltr'><strong>pleat</strong></span> <span class='ocrx_word' id='word_1_11' title='bbox 198 679 281 736; x_wconf 74' lang='lat' dir='ltr'><strong>bride</strong></span> <span class='ocrx_word' id='word_1_12' title='bbox 302 679 377 736; x_wconf 83' lang='lat' dir='ltr'><strong>aacb</strong></span> <span class='ocrx_word' id='word_1_13' title='bbox 398 678 490 736; x_wconf 59' lang='lat' dir='ltr'><strong>aiobt&#39;</strong></span> <span class='ocrx_word' id='word_1_14' title='bbox 507 680 538 738; x_wconf 75' lang='lat' dir='ltr'><strong>ia</strong></span> <span class='ocrx_word' id='word_1_15' title='bbox 557 680 674 742; x_wconf 64' lang='lat' dir='ltr'><strong>,reiaem</strong></span> <span class='ocrx_word' id='word_1_16' title='bbox 700 680 808 746; x_wconf 75' lang='lat' dir='ltr'><strong>Teate,</strong></span> <span class='ocrx_word' id='word_1_17' title='bbox 838 681 964 746; x_wconf 74' lang='lat' dir='ltr'><strong>sondara</strong></span> <span class='ocrx_word' id='word_1_18' title='bbox 994 683 1038 748; x_wconf 72' lang='lat' dir='ltr'><strong>ab</strong></span> <span class='ocrx_word' id='word_1_19' title='bbox 1066 682 1173 745; x_wconf 67' lang='lat' dir='ltr'><strong>berar-t</strong></span> <span class='ocrx_word' id='word_1_20' title='bbox 1269 719 1277 726; x_wconf 91' lang='lat'><em>-</em></span> 
     </span>
    </p>
   </div>
   <div class='ocr_carea' id='block_1_3' title="bbox 97 763 1176 925">
    <p class='ocr_par' dir='ltr' id='par_1_3' title="bbox 97 763 1172 925">
     <span class='ocr_line' id='line_1_3' title="bbox 98 763 1171 843; baseline -0.003 -16"><span class='ocrx_word' id='word_1_21' title='bbox 98 764 307 827; x_wconf 63' lang='lat' dir='ltr'><strong>emmanuet</strong></span> <span class='ocrx_word' id='word_1_22' title='bbox 321 763 374 820; x_wconf 83' lang='lat' dir='ltr'><strong>Hs.</strong></span> <span class='ocrx_word' id='word_1_23' title='bbox 414 763 464 820; x_wconf 77' lang='lat' dir='ltr'><strong>Sic</strong></span> <span class='ocrx_word' id='word_1_24' title='bbox 477 764 546 822; x_wconf 78' lang='lat' dir='ltr'><strong>sind</strong></span> <span class='ocrx_word' id='word_1_25' title='bbox 565 765 635 820; x_wconf 80' lang='lat' dir='ltr'><strong>aber</strong></span> <span class='ocrx_word' id='word_1_26' title='bbox 656 764 712 843; x_wconf 74' lang='lat' dir='ltr'><strong>den</strong></span> <span class='ocrx_word' id='word_1_27' title='bbox 727 764 838 824; x_wconf 78' lang='lat' dir='ltr'><strong>andern</strong></span> <span class='ocrx_word' id='word_1_28' title='bbox 859 782 935 840; x_wconf 72' lang='lat' dir='ltr'><strong>ponz</strong></span> <span class='ocrx_word' id='word_1_29' title='bbox 949 766 1051 842; x_wconf 73' lang='lat' dir='ltr'><strong>pleieb.</strong></span> <span class='ocrx_word' id='word_1_30' title='bbox 1080 767 1171 824; x_wconf 86' lang='lat' dir='ltr'><strong>Uncis</strong></span> 
     </span>
     <span class='ocr_line' id='line_1_4' title="bbox 97 848 1176 925; baseline -0.001 -17"><span class='ocrx_word' id='word_1_31' title='bbox 97 849 207 908; x_wconf 86' lang='lat' dir='ltr'><strong>inclusi</strong></span> <span class='ocrx_word' id='word_1_32' title='bbox 229 868 257 906; x_wconf 86' lang='lat' dir='ltr'><strong>v.</strong></span> <span class='ocrx_word' id='word_1_33' title='bbox 281 848 419 909; x_wconf 76' lang='lat'><strong>29-32</strong></span> <span class='ocrx_word' id='word_1_34' title='bbox 439 854 544 923; x_wconf 80' lang='lat' dir='ltr'><strong>utpote</strong></span> <span class='ocrx_word' id='word_1_35' title='bbox 576 855 746 922; x_wconf 88' lang='lat' dir='ltr'><strong>suspectos</strong></span> <span class='ocrx_word' id='word_1_36' title='bbox 787 848 847 906; x_wconf 88' lang='lat' dir='ltr'><strong>Sed</strong></span> <span class='ocrx_word' id='word_1_37' title='bbox 869 851 1010 925; x_wconf 83' lang='lat' dir='ltr'><strong>leguntur</strong></span> <span class='ocrx_word' id='word_1_38' title='bbox 1031 851 1062 907; x_wconf 87' lang='lat' dir='ltr'><strong>in</strong></span> <span class='ocrx_word' id='word_1_39' title='bbox 1083 851 1117 908; x_wconf 90' lang='lat' dir='ltr'><strong>R.</strong></span> <span class='ocrx_word' id='word_1_40' title='bbox 1141 857 1176 910; x_wconf 87' lang='lat' dir='ltr'><strong>et</strong></span> 
     </span>
    </p>
   </div>
   <div class='ocr_carea' id='block_1_4' title="bbox 98 933 1296 1008">
    <p class='ocr_par' dir='ltr' id='par_1_4' title="bbox 98 933 1296 1008">
     <span class='ocr_line' id='line_1_5' title="bbox 98 933 1296 1008; baseline 0 -16"><span class='ocrx_word' id='word_1_41' title='bbox 98 936 129 993; x_wconf 81' lang='lat' dir='ltr'><strong>C.</strong></span> <span class='ocrx_word' id='word_1_42' title='bbox 172 934 225 994; x_wconf 81' lang='grc'><strong>29</strong></span> <span class='ocrx_word' id='word_1_43' title='bbox 248 933 284 990; x_wconf 85' lang='lat' dir='ltr'><strong>R.</strong></span> <span class='ocrx_word' id='word_1_44' title='bbox 308 934 340 990; x_wconf 81' lang='grc' dir='ltr'><strong>Ο.</strong></span> <span class='ocrx_word' id='word_1_45' title='bbox 362 934 403 990; x_wconf 90' lang='grc' dir='ltr'><strong>Μ.</strong></span> <span class='ocrx_word' id='word_1_46' title='bbox 426 933 633 1008; x_wconf 86' lang='lat' dir='ltr'><strong>benignum.</strong></span> <span class='ocrx_word' id='word_1_47' title='bbox 676 935 711 990; x_wconf 91' lang='lat' dir='ltr'><strong>In</strong></span> <span class='ocrx_word' id='word_1_48' title='bbox 739 934 910 991; x_wconf 85' lang='lat' dir='ltr'><strong>membrana</strong></span> <span class='ocrx_word' id='word_1_49' title='bbox 932 935 1024 992; x_wconf 84' lang='lat' dir='ltr'><strong>Mouii</strong></span> <span class='ocrx_word' id='word_1_50' title='bbox 1054 935 1172 994; x_wconf 81' lang='lat' dir='ltr'><strong>adiecta</strong></span> <span class='ocrx_word' id='word_1_51' title='bbox 1293 941 1296 946; x_wconf 90' lang='lat'>&#39;</span> 
     </span>
    </p>
   </div>
   <div class='ocr_carea' id='block_1_5' title="bbox 97 1018 1190 1210">
    <p class='ocr_par' dir='ltr' id='par_1_5' title="bbox 97 1018 1190 1180">
     <span class='ocr_line' id='line_1_6' title="bbox 99 1018 1173 1096; baseline 0 -18"><span class='ocrx_word' id='word_1_52' title='bbox 99 1025 146 1078; x_wconf 89' lang='lat' dir='ltr'><strong>est</strong></span> <span class='ocrx_word' id='word_1_53' title='bbox 170 1018 345 1094; x_wconf 81' lang='lat' dir='ltr'><strong>doxologia:</strong></span> <span class='ocrx_word' id='word_1_54' title='bbox 368 1019 469 1076; x_wconf 85' lang='lat' dir='ltr'><strong>Laus</strong></span> <span class='ocrx_word' id='word_1_55' title='bbox 493 1019 671 1076; x_wconf 84' lang='lat' dir='ltr'><strong>Trinitati</strong></span> <span class='ocrx_word' id='word_1_56' title='bbox 702 1019 883 1076; x_wconf 81' lang='lat' dir='ltr'><strong>debitat</strong></span> <span class='ocrx_word' id='word_1_57' title='bbox 853 1025 909 1076; x_wconf 80' lang='lat' dir='ltr'><strong>etc</strong></span> <span class='ocrx_word' id='word_1_58' title='bbox 941 1037 1031 1096; x_wconf 82' lang='lat' dir='ltr'><strong>quam</strong></span> <span class='ocrx_word' id='word_1_59' title='bbox 1063 1023 1173 1078; x_wconf 84' lang='lat' dir='ltr'><strong>exscri-</strong></span> 
     </span>
     <span class='ocr_line' id='line_1_7' title="bbox 97 1103 1190 1210; baseline -0.011 -46"><span class='ocrx_word' id='word_1_60' title='bbox 97 1107 214 1180; x_wconf 88' lang='lat' dir='ltr'><strong>psimus</strong></span> <span class='ocrx_word' id='word_1_61' title='bbox 238 1123 254 1161; x_wconf 92' lang='lat' dir='ltr'><strong>e</strong></span> <span class='ocrx_word' id='word_1_62' title='bbox 277 1103 446 1210; x_wconf 78' lang='lat' dir='ltr'><strong>&#39;Ibomesio</strong></span> <span class='ocrx_word' id='word_1_63' title='bbox 1169 1107 1190 1120; x_wconf 87' lang='grc'><em>·</em></span> 
     </span>
    </p>
   </div>
   <div class='ocr_carea' id='block_1_6' title="bbox 536 1183 736 1190">
    <p class='ocr_par' dir='ltr' id='par_1_6' title="bbox 536 1183 736 1190">
     <span class='ocr_line' id='line_1_8' title="bbox 536 1183 736 1190; baseline 0 0"><span class='ocrx_word' id='word_1_64' title='bbox 536 1183 736 1190; x_wconf 49' lang='grc' dir='ltr'>-..ω---ψω--ι-</span> 
     </span>
    </p>
   </div>
   <div class='ocr_carea' id='block_1_7' title="bbox 317 1279 955 1452">
    <p class='ocr_par' dir='ltr' id='par_1_7' title="bbox 317 1279 955 1452">
     <span class='ocr_line' id='line_1_9' title="bbox 394 1279 871 1368; baseline 0.004 -20"><span class='ocrx_word' id='word_1_65' title='bbox 394 1279 428 1348; x_wconf 85' lang='grc' dir='ltr'><strong><em>Α</em></strong></span> <span class='ocrx_word' id='word_1_66' title='bbox 446 1286 553 1368; x_wconf 77' lang='lat' dir='ltr'><strong>patre</strong></span> <span class='ocrx_word' id='word_1_67' title='bbox 573 1279 785 1368; x_wconf 73' lang='lat' dir='ltr'><strong>abipenitus.</strong></span> <span class='ocrx_word' id='word_1_68' title='bbox 828 1281 871 1350; x_wconf 81' lang='lat' dir='ltr'><strong>R.</strong></span> 
     </span>
     <span class='ocr_line' id='line_1_10' title="bbox 317 1381 955 1452; baseline 0.006 -16"><span class='ocrx_word' id='word_1_69' title='bbox 317 1383 401 1438; x_wconf 68' lang='lat' dir='ltr'><strong>Thea</strong></span> <span class='ocrx_word' id='word_1_70' title='bbox 419 1381 441 1435; x_wconf 85' lang='lat' dir='ltr'><strong>L</strong></span> <span class='ocrx_word' id='word_1_71' title='bbox 459 1399 486 1450; x_wconf 89' lang='lat' dir='ltr'><strong>p.</strong></span> <span class='ocrx_word' id='word_1_72' title='bbox 503 1383 563 1438; x_wconf 75' lang='grc'>231.</span> <span class='ocrx_word' id='word_1_73' title='bbox 597 1381 642 1436; x_wconf 88' lang='lat' dir='ltr'><strong>De</strong></span> <span class='ocrx_word' id='word_1_74' title='bbox 660 1383 816 1452; x_wconf 83' lang='lat' dir='ltr'><strong>Epiphania</strong></span> <span class='ocrx_word' id='word_1_75' title='bbox 834 1382 955 1440; x_wconf 76' lang='lat' dir='ltr'><strong>Domini</strong></span> 
     </span>
    </p>
   </div>
   <div class='ocr_carea' id='block_1_8' title="bbox 162 1503 1114 1590">
    <p class='ocr_par' dir='ltr' id='par_1_8' title="bbox 162 1503 1114 1590">
     <span class='ocr_line' id='line_1_11' title="bbox 162 1503 1114 1590; baseline 0 -18"><span class='ocrx_word' id='word_1_76' title='bbox 162 1515 191 1572; x_wconf 88' lang='lat' dir='ltr'>A</span> <span class='ocrx_word' id='word_1_77' title='bbox 205 1520 293 1590; x_wconf 89' lang='lat' dir='ltr'><strong>patre</strong></span> <span class='ocrx_word' id='word_1_78' title='bbox 309 1503 481 1588; x_wconf 65' lang='lat' dir='ltr'><strong>unigenitus</strong></span> <span class='ocrx_word' id='word_1_79' title='bbox 699 1513 788 1570; x_wconf 85' lang='lat' dir='ltr'><strong>Mane</strong></span> <span class='ocrx_word' id='word_1_80' title='bbox 810 1513 967 1570; x_wconf 85' lang='lat' dir='ltr'><strong>nobiscum</strong></span> <span class='ocrx_word' id='word_1_81' title='bbox 990 1515 1114 1586; x_wconf 88' lang='lat' dir='ltr'><strong>domine,</strong></span> 
     </span>
    </p>
   </div>
   <div class='ocr_carea' id='block_1_9' title="bbox 163 1598 1378 1674">
    <p class='ocr_par' dir='ltr' id='par_1_9' title="bbox 163 1598 1378 1674">
     <span class='ocr_line' id='line_1_12' title="bbox 163 1598 1378 1674; baseline 0.001 -18"><span class='ocrx_word' id='word_1_82' title='bbox 163 1598 204 1656; x_wconf 84' lang='lat' dir='ltr'><strong>ad</strong></span> <span class='ocrx_word' id='word_1_83' title='bbox 226 1618 282 1671; x_wconf 86' lang='lat' dir='ltr'><strong>nos</strong></span> <span class='ocrx_word' id='word_1_84' title='bbox 304 1601 386 1657; x_wconf 84' lang='lat' dir='ltr'><strong>veuit</strong></span> <span class='ocrx_word' id='word_1_85' title='bbox 407 1616 462 1673; x_wconf 89' lang='lat' dir='ltr'><strong>per</strong></span> <span class='ocrx_word' id='word_1_86' title='bbox 483 1599 636 1672; x_wconf 79' lang='lat' dir='ltr'><strong>virginem,</strong></span> <span class='ocrx_word' id='word_1_87' title='bbox 699 1604 821 1654; x_wconf 85' lang='lat' dir='ltr'><strong>noctem</strong></span> <span class='ocrx_word' id='word_1_88' title='bbox 843 1599 1001 1657; x_wconf 83' lang='lat' dir='ltr'><strong>obscuram</strong></span> <span class='ocrx_word' id='word_1_89' title='bbox 1022 1617 1143 1659; x_wconf 79' lang='lat' dir='ltr'><strong>remove</strong></span> <span class='ocrx_word' id='word_1_90' title='bbox 1375 1667 1378 1674; x_wconf 88' lang='lat'><strong>.</strong></span> 
     </span>
    </p>
   </div>
   <div class='ocr_carea' id='block_1_10' title="bbox 161 1683 1080 1845">
    <p class='ocr_par' dir='ltr' id='par_1_10' title="bbox 161 1683 1080 1845">
     <span class='ocr_line' id='line_1_13' title="bbox 161 1683 1075 1759; baseline 0.002 -18"><span class='ocrx_word' id='word_1_91' title='bbox 161 1685 314 1759; x_wconf 83' lang='lat' dir='ltr'><strong>baptisma</strong></span> <span class='ocrx_word' id='word_1_92' title='bbox 337 1701 425 1740; x_wconf 88' lang='lat' dir='ltr'><strong>cruce</strong></span> <span class='ocrx_word' id='word_1_93' title='bbox 446 1683 678 1756; x_wconf 68' lang='lat' dir='ltr'><strong>consecranslb</strong></span> <span class='ocrx_word' id='word_1_94' title='bbox 703 1701 789 1740; x_wconf 88' lang='lat' dir='ltr'><strong>omne</strong></span> <span class='ocrx_word' id='word_1_95' title='bbox 813 1683 954 1740; x_wconf 88' lang='lat' dir='ltr'><strong>delictum</strong></span> <span class='ocrx_word' id='word_1_96' title='bbox 976 1685 1075 1754; x_wconf 83' lang='lat' dir='ltr'>ablue,</span> 
     </span>
     <span class='ocr_line' id='line_1_14' title="bbox 164 1768 1080 1845; baseline 0 -18"><span class='ocrx_word' id='word_1_97' title='bbox 164 1775 291 1827; x_wconf 90' lang='lat' dir='ltr'><strong>cunctos</strong></span> <span class='ocrx_word' id='word_1_98' title='bbox 313 1769 420 1826; x_wconf 87' lang='lat' dir='ltr'><strong>fideles</strong></span> <span class='ocrx_word' id='word_1_99' title='bbox 443 1785 600 1845; x_wconf 83' lang='lat' dir='ltr'><strong>generans.</strong></span> <span class='ocrx_word' id='word_1_100' title='bbox 703 1771 784 1844; x_wconf 85' lang='lat' dir='ltr'><strong>piam</strong></span> <span class='ocrx_word' id='word_1_101' title='bbox 806 1768 953 1826; x_wconf 84' lang='lat' dir='ltr'><strong>medelam</strong></span> <span class='ocrx_word' id='word_1_102' title='bbox 975 1772 1080 1830; x_wconf 81' lang='lat' dir='ltr'>tribue.</span> 
     </span>
    </p>
   </div>
   <div class='ocr_carea' id='block_1_11' title="bbox 113 1887 1204 2222">
    <p class='ocr_par' dir='ltr' id='par_1_11' title="bbox 119 1887 1204 1962">
     <span class='ocr_line' id='line_1_15' title="bbox 119 1887 1204 1962; baseline 0.001 -14"><span class='ocrx_word' id='word_1_103' title='bbox 119 1890 138 1949; x_wconf 83' lang='lat'><strong>5</strong></span> <span class='ocrx_word' id='word_1_104' title='bbox 162 1889 208 1947; x_wconf 90' lang='lat' dir='ltr'><strong>De</strong></span> <span class='ocrx_word' id='word_1_105' title='bbox 232 1889 317 1946; x_wconf 87' lang='lat' dir='ltr'><strong>caelo</strong></span> <span class='ocrx_word' id='word_1_106' title='bbox 340 1889 441 1945; x_wconf 85' lang='lat' dir='ltr'><strong>celsus</strong></span> <span class='ocrx_word' id='word_1_107' title='bbox 467 1887 587 1962; x_wconf 89' lang='lat' dir='ltr'><strong>prodiit,</strong></span> <span class='ocrx_word' id='word_1_108' title='bbox 703 1887 799 1957; x_wconf 77' lang='lat' dir='ltr'><strong>Quem</strong></span> <span class='ocrx_word' id='word_1_109' title='bbox 821 1891 879 1944; x_wconf 89' lang='lat' dir='ltr'><strong>iam</strong></span> <span class='ocrx_word' id='word_1_110' title='bbox 894 1891 1014 1946; x_wconf 81' lang='lat' dir='ltr'><strong>venisse</strong></span> <span class='ocrx_word' id='word_1_111' title='bbox 1028 1893 1174 1958; x_wconf 82' lang='lat' dir='ltr'><strong>norimus,</strong></span> <span class='ocrx_word' id='word_1_112' title='bbox 1198 1943 1204 1956; x_wconf 83' lang='lat'><em>,</em></span> 
     </span>
    </p>

    <p class='ocr_par' dir='ltr' id='par_1_12' title="bbox 113 1973 1110 2222">
     <span class='ocr_line' id='line_1_16' title="bbox 113 1973 1074 2052; baseline 0 -20"><span class='ocrx_word' id='word_1_113' title='bbox 113 2009 137 2018; x_wconf 44' lang='grc' dir='ltr'><strong>υ</strong></span> <span class='ocrx_word' id='word_1_114' title='bbox 165 1977 285 2052; x_wconf 79' lang='lat' dir='ltr'><strong>excepit</strong></span> <span class='ocrx_word' id='word_1_115' title='bbox 305 1975 430 2038; x_wconf 82' lang='lat' dir='ltr'><strong>somnam</strong></span> <span class='ocrx_word' id='word_1_116' title='bbox 451 1973 588 2046; x_wconf 82' lang='lat' dir='ltr'><strong>hominis,</strong></span> <span class='ocrx_word' id='word_1_117' title='bbox 701 1973 903 2034; x_wconf 78' lang='lat' dir='ltr'><strong>redireitem.</strong></span> <span class='ocrx_word' id='word_1_118' title='bbox 917 1974 1074 2043; x_wconf 80' lang='lat' dir='ltr'><strong>credimus,</strong></span> 
     </span>
     <span class='ocr_line' id='line_1_17' title="bbox 164 2057 1085 2134; baseline 0 -18"><span class='ocrx_word' id='word_1_119' title='bbox 164 2062 313 2117; x_wconf 82' lang='lat' dir='ltr'><strong>facturam</strong></span> <span class='ocrx_word' id='word_1_120' title='bbox 334 2064 430 2116; x_wconf 88' lang='lat' dir='ltr'><strong>morte</strong></span> <span class='ocrx_word' id='word_1_121' title='bbox 457 2057 616 2128; x_wconf 89' lang='lat' dir='ltr'><strong>redimens,</strong></span> <span class='ocrx_word' id='word_1_122' title='bbox 705 2063 886 2134; x_wconf 86' lang='lat' dir='ltr'><strong>sceptroque</strong></span> <span class='ocrx_word' id='word_1_123' title='bbox 909 2065 961 2116; x_wconf 93' lang='lat' dir='ltr'><strong>tuo</strong></span> <span class='ocrx_word' id='word_1_124' title='bbox 983 2059 1085 2116; x_wconf 90' lang='lat' dir='ltr'><strong>inclito</strong></span> 
     </span>
     <span class='ocr_line' id='line_1_18' title="bbox 164 2141 1110 2222; baseline 0 -20"><span class='ocrx_word' id='word_1_125' title='bbox 164 2145 277 2222; x_wconf 82' lang='lat' dir='ltr'><strong>gaudia</strong></span> <span class='ocrx_word' id='word_1_126' title='bbox 298 2147 379 2202; x_wconf 81' lang='lat' dir='ltr'><strong>vitae</strong></span> <span class='ocrx_word' id='word_1_127' title='bbox 401 2145 541 2220; x_wconf 83' lang='lat' dir='ltr'><strong>largiens.</strong></span> <span class='ocrx_word' id='word_1_128' title='bbox 639 2144 682 2203; x_wconf 83' lang='lat'><strong>20</strong></span> <span class='ocrx_word' id='word_1_129' title='bbox 703 2149 787 2200; x_wconf 86' lang='lat' dir='ltr'><strong>tuum</strong></span> <span class='ocrx_word' id='word_1_130' title='bbox 807 2141 936 2201; x_wconf 78' lang='lat' dir='ltr'><strong>defende</strong></span> <span class='ocrx_word' id='word_1_131' title='bbox 958 2145 1110 2220; x_wconf 87' lang='lat' dir='ltr'><strong>populum.</strong></span> 
     </span>
    </p>
   </div>
   <div class='ocr_carea' id='block_1_12' title="bbox 102 2261 1175 2680">
    <p class='ocr_par' dir='ltr' id='par_1_13' title="bbox 102 2261 1141 2680">
     <span class='ocr_line' id='line_1_19' title="bbox 163 2261 1021 2358; baseline 0 -38"><span class='ocrx_word' id='word_1_132' title='bbox 163 2265 282 2321; x_wconf 87' lang='lat' dir='ltr'><strong>Hinc&#39;t</strong></span> <span class='ocrx_word' id='word_1_133' title='bbox 270 2269 300 2321; x_wconf 86' lang='lat' dir='ltr'><strong>te</strong></span> <span class='ocrx_word' id='word_1_134' title='bbox 339 2261 512 2358; x_wconf 79' lang='lat' dir='ltr'><strong>redemptor</strong></span> <span class='ocrx_word' id='word_1_135' title='bbox 546 2279 638 2342; x_wconf 86' lang='lat' dir='ltr'><strong>quae·</strong></span> <span class='ocrx_word' id='word_1_136' title='bbox 703 2263 804 2320; x_wconf 79' lang='lat' dir='ltr'>Gloria</span> <span class='ocrx_word' id='word_1_137' title='bbox 819 2261 873 2320; x_wconf 92' lang='lat' dir='ltr'><strong>tibi</strong></span> <span class='ocrx_word' id='word_1_138' title='bbox 893 2261 1021 2332; x_wconf 79' lang='lat' dir='ltr'><strong>domine,</strong></span> 
     </span>
     <span class='ocr_line' id='line_1_20' title="bbox 409 2348 1065 2424; baseline 0.003 -19"><span class='ocrx_word' id='word_1_139' title='bbox 409 2351 521 2416; x_wconf 80' lang='lat' dir='ltr'><strong>sumus,</strong></span> <span class='ocrx_word' id='word_1_140' title='bbox 705 2351 756 2424; x_wconf 91' lang='lat' dir='ltr'><strong>qui</strong></span> <span class='ocrx_word' id='word_1_141' title='bbox 779 2351 944 2424; x_wconf 76' lang='lat' dir='ltr'><strong>apparuisti</strong></span> <span class='ocrx_word' id='word_1_142' title='bbox 965 2348 1065 2419; x_wconf 89' lang='lat' dir='ltr'><strong>hodie,</strong></span> 
     </span>
     <span class='ocr_line' id='line_1_21' title="bbox 102 2392 1175 2512; baseline -0.002 -16"><span class='ocrx_word' id='word_1_143' title='bbox 102 2392 144 2496; x_wconf 75' lang='lat' dir='ltr'><strong>lo</strong></span> <span class='ocrx_word' id='word_1_144' title='bbox 164 2435 289 2492; x_wconf 85' lang='lat' dir='ltr'><strong>illabere</strong></span> <span class='ocrx_word' id='word_1_145' title='bbox 313 2435 459 2510; x_wconf 90' lang='lat' dir='ltr'><strong>propitius</strong></span> <span class='ocrx_word' id='word_1_146' title='bbox 705 2452 772 2490; x_wconf 93' lang='lat' dir='ltr'><strong>cum</strong></span> <span class='ocrx_word' id='word_1_147' title='bbox 793 2439 846 2509; x_wconf 87' lang='lat' dir='ltr'><strong>pat</strong></span> <span class='ocrx_word' id='word_1_148' title='bbox 848 2452 879 2490; x_wconf 89' lang='lat' dir='ltr'><strong>re</strong></span> <span class='ocrx_word' id='word_1_149' title='bbox 903 2439 934 2490; x_wconf 88' lang='lat' dir='ltr'><strong>ct</strong></span> <span class='ocrx_word' id='word_1_150' title='bbox 949 2440 1053 2506; x_wconf 74' lang='lat' dir='ltr'><strong>saneto</strong></span> <span class='ocrx_word' id='word_1_151' title='bbox 1070 2437 1175 2512; x_wconf 90' lang='lat' dir='ltr'><strong>spiritu</strong></span> 
     </span>
     <span class='ocr_line' id='line_1_22' title="bbox 164 2518 1088 2608; baseline -0.001 -30"><span class='ocrx_word' id='word_1_152' title='bbox 164 2521 342 2596; x_wconf 87' lang='lat' dir='ltr'><strong>klarumque</strong></span> <span class='ocrx_word' id='word_1_153' title='bbox 365 2538 419 2576; x_wconf 89' lang='lat' dir='ltr'><strong>nos</strong></span> <span class='ocrx_word' id='word_1_154' title='bbox 421 2521 476 2592; x_wconf 89' lang='lat' dir='ltr'><strong>tris</strong></span> <span class='ocrx_word' id='word_1_155' title='bbox 500 2518 637 2575; x_wconf 84' lang='lat' dir='ltr'><strong>sensibus</strong></span> <span class='ocrx_word' id='word_1_156' title='bbox 702 2522 732 2576; x_wconf 91' lang='lat' dir='ltr'><strong>in</strong></span> <span class='ocrx_word' id='word_1_157' title='bbox 756 2521 863 2608; x_wconf 89' lang='lat' dir='ltr'><strong>sempit</strong></span> <span class='ocrx_word' id='word_1_158' title='bbox 865 2537 936 2576; x_wconf 79' lang='lat' dir='ltr'><strong>erne</strong></span> <span class='ocrx_word' id='word_1_159' title='bbox 959 2521 1088 2578; x_wconf 87' lang='lat' dir='ltr'><strong>saecula.</strong></span> 
     </span>
     <span class='ocr_line' id='line_1_23' title="bbox 164 2589 568 2680; baseline -0.008 -17"><span class='ocrx_word' id='word_1_160' title='bbox 164 2607 265 2663; x_wconf 89' lang='lat' dir='ltr'><strong>lumen</strong></span> <span class='ocrx_word' id='word_1_161' title='bbox 287 2605 399 2680; x_wconf 86' lang='lat' dir='ltr'><strong>praebe</strong></span> <span class='ocrx_word' id='word_1_162' title='bbox 420 2589 568 2661; x_wconf 83' lang='lat' dir='ltr'><strong>fidelibus.</strong></span> 
     </span>
    </p>
   </div>
   <div class='ocr_carea' id='block_1_13' title="bbox 171 2711 1270 2782">
    <p class='ocr_par' dir='ltr' id='par_1_14' title="bbox 171 2711 1270 2782">
     <span class='ocr_line' id='line_1_24' title="bbox 171 2711 1270 2782; baseline 0.003 -14"><span class='ocrx_word' id='word_1_163' title='bbox 171 2715 240 2769; x_wconf 85' lang='lat' dir='ltr'><strong>Cod.</strong></span> <span class='ocrx_word' id='word_1_164' title='bbox 259 2715 384 2780; x_wconf 79' lang='lat' dir='ltr'><strong>Rhenov</strong></span> <span class='ocrx_word' id='word_1_165' title='bbox 399 2714 449 2782; x_wconf 81' lang='lat' dir='ltr'><strong>(R)</strong></span> <span class='ocrx_word' id='word_1_166' title='bbox 469 2713 612 2766; x_wconf 85' lang='lat' dir='ltr'><strong>Thomesii</strong></span> <span class='ocrx_word' id='word_1_167' title='bbox 630 2711 676 2782; x_wconf 82' lang='lat' dir='ltr'><strong>Hy</strong></span> <span class='ocrx_word' id='word_1_168' title='bbox 677 2730 731 2766; x_wconf 86' lang='lat' dir='ltr'><strong>mn.</strong></span> <span class='ocrx_word' id='word_1_169' title='bbox 751 2713 842 2779; x_wconf 80' lang='lat' dir='ltr'>(T)S</span> <span class='ocrx_word' id='word_1_170' title='bbox 844 2713 1009 2781; x_wconf 90' lang='lat' dir='ltr'><strong>tp.ehenson</strong></span> <span class='ocrx_word' id='word_1_171' title='bbox 1028 2715 1071 2782; x_wconf 85' lang='lat' dir='ltr'><strong>(S)</strong></span> <span class='ocrx_word' id='word_1_172' title='bbox 1089 2715 1174 2771; x_wconf 90' lang='lat' dir='ltr'><strong>Mone</strong></span> <span class='ocrx_word' id='word_1_173' title='bbox 1268 2750 1270 2754; x_wconf 82' lang='lat'><strong>.</strong></span> 
     </span>
    </p>
   </div>
   <div class='ocr_carea' id='block_1_14' title="bbox 100 2730 1174 2918">
    <p class='ocr_par' dir='ltr' id='par_1_15' title="bbox 100 2730 1174 2918">
     <span class='ocr_line' id='line_1_25' title="bbox 100 2730 1174 2852; baseline 0 -14"><span class='ocrx_word' id='word_1_174' title='bbox 100 2783 158 2852; x_wconf 90' lang='lat' dir='ltr'><strong>I.p</strong></span> <span class='ocrx_word' id='word_1_175' title='bbox 161 2775 228 2838; x_wconf 82' lang='grc'><strong>,79</strong></span> <span class='ocrx_word' id='word_1_176' title='bbox 248 2773 308 2848; x_wconf 83' lang='lat' dir='ltr'><strong>(Hs.</strong></span> <span class='ocrx_word' id='word_1_177' title='bbox 328 2783 521 2850; x_wconf 81' lang='lat' dir='ltr'><strong>auStuttgart</strong></span> <span class='ocrx_word' id='word_1_178' title='bbox 538 2781 620 2835; x_wconf 85' lang='lat' dir='ltr'><strong>Brev.</strong></span> <span class='ocrx_word' id='word_1_179' title='bbox 640 2731 697 2835; x_wconf 79' lang='grc'>1111.</span> <span class='ocrx_word' id='word_1_180' title='bbox 715 2781 762 2834; x_wconf 84' lang='lat' dir='ltr'><strong>fol.</strong></span> <span class='ocrx_word' id='word_1_181' title='bbox 782 2783 821 2834; x_wconf 95' lang='grc'><strong>51.</strong></span> <span class='ocrx_word' id='word_1_182' title='bbox 842 2730 891 2834; x_wconf 77' lang='lat' dir='ltr'><strong>lbp</strong></span> <span class='ocrx_word' id='word_1_183' title='bbox 899 2779 997 2834; x_wconf 81' lang='lat' dir='ltr'><strong>Jahrb.</strong></span> <span class='ocrx_word' id='word_1_184' title='bbox 1016 2783 1049 2835; x_wconf 81' lang='lat' dir='ltr'><strong>A.</strong></span> <span class='ocrx_word' id='word_1_185' title='bbox 1075 2781 1152 2837; x_wconf 92' lang='lat' dir='ltr'><strong>Hs.</strong></span> <span class='ocrx_word' id='word_1_186' title='bbox 1144 2801 1174 2838; x_wconf 88' lang='lat'><strong>111</strong></span> 
     </span>
     <span class='ocr_line' id='line_1_26' title="bbox 100 2801 1152 2918; baseline -0.005 -10"><span class='ocrx_word' id='word_1_187' title='bbox 100 2801 223 2908; x_wconf 57' lang='lat' dir='ltr'><strong>aeirem</strong></span> <span class='ocrx_word' id='word_1_188' title='bbox 239 2851 336 2908; x_wconf 79' lang='lat' dir='ltr'><strong>Besita</strong></span> <span class='ocrx_word' id='word_1_189' title='bbox 355 2854 395 2906; x_wconf 78' lang='grc'><strong>14.</strong></span> <span class='ocrx_word' id='word_1_190' title='bbox 412 2851 510 2907; x_wconf 83' lang='lat' dir='ltr'><strong>Jahrb.</strong></span> <span class='ocrx_word' id='word_1_191' title='bbox 528 2850 571 2918; x_wconf 81' lang='grc' dir='ltr'><strong>Β.)</strong></span> <span class='ocrx_word' id='word_1_192' title='bbox 589 2850 626 2904; x_wconf 90' lang='grc' dir='ltr'><strong>Μ.</strong></span> <span class='ocrx_word' id='word_1_193' title='bbox 644 2849 727 2905; x_wconf 71' lang='lat' dir='ltr'><strong>Brea.</strong></span> <span class='ocrx_word' id='word_1_194' title='bbox 745 2849 887 2906; x_wconf 82' lang='lat' dir='ltr'><strong>Aberdon</strong></span> <span class='ocrx_word' id='word_1_195' title='bbox 907 2851 973 2917; x_wconf 82' lang='lat' dir='ltr'><strong>(Ab)</strong></span> <span class='ocrx_word' id='word_1_196' title='bbox 1150 2859 1152 2864; x_wconf 85' lang='lat'>&#39;</span> 
     </span>
    </p>
   </div>
   <div class='ocr_carea' id='block_1_15' title="bbox 99 2963 1177 3642">
    <p class='ocr_par' dir='ltr' id='par_1_16' title="bbox 99 2963 1177 3642">
     <span class='ocr_line' id='line_1_27' title="bbox 185 2963 1173 3040; baseline -0.001 -17"><span class='ocrx_word' id='word_1_197' title='bbox 185 2965 318 3023; x_wconf 88' lang='lat' dir='ltr'><strong>Monel.</strong></span> <span class='ocrx_word' id='word_1_198' title='bbox 343 2982 383 3022; x_wconf 90' lang='lat' dir='ltr'><strong>c.:</strong></span> <span class='ocrx_word' id='word_1_199' title='bbox 407 2963 465 3022; x_wconf 82' lang='lat' dir='ltr'><strong>Eia</strong></span> <span class='ocrx_word' id='word_1_200' title='bbox 487 2963 730 3020; x_wconf 79' lang='lat' dir='ltr'><strong>alcrosticbieebes</strong></span> <span class='ocrx_word' id='word_1_201' title='bbox 751 2963 824 3020; x_wconf 77' lang='lat' dir='ltr'><strong>Led</strong></span> <span class='ocrx_word' id='word_1_202' title='bbox 844 2963 917 3020; x_wconf 78' lang='lat' dir='ltr'><strong>auct</strong></span> <span class='ocrx_word' id='word_1_203' title='bbox 939 2963 1001 3020; x_wconf 83' lang='lat' dir='ltr'><strong>dem</strong></span> <span class='ocrx_word' id='word_1_204' title='bbox 1023 2963 1173 3040; x_wconf 65' lang='lat' dir='ltr'><strong>Aptata,</strong></span> 
     </span>
     <span class='ocr_line' id='line_1_28' title="bbox 101 3049 1176 3126; baseline -0.003 -17"><span class='ocrx_word' id='word_1_205' title='bbox 101 3053 193 3110; x_wconf 79' lang='lat' dir='ltr'><strong>daber</strong></span> <span class='ocrx_word' id='word_1_206' title='bbox 216 3051 295 3120; x_wconf 77' lang='lat' dir='ltr'><strong>ieb&#39;</strong></span> <span class='ocrx_word' id='word_1_207' title='bbox 285 3071 321 3108; x_wconf 82' lang='lat' dir='ltr'><strong>am</strong></span> <span class='ocrx_word' id='word_1_208' title='bbox 350 3051 380 3108; x_wconf 83' lang='lat' dir='ltr'><strong>V.</strong></span> <span class='ocrx_word' id='word_1_209' title='bbox 400 3051 428 3108; x_wconf 83' lang='grc'><strong>6.</strong></span> <span class='ocrx_word' id='word_1_210' title='bbox 452 3051 570 3126; x_wconf 75' lang='lat' dir='ltr'><strong>excepit</strong></span> <span class='ocrx_word' id='word_1_211' title='bbox 583 3050 684 3118; x_wconf 76' lang='lat' dir='ltr'><strong>stebea</strong></span> <span class='ocrx_word' id='word_1_212' title='bbox 708 3051 786 3117; x_wconf 80' lang='lat' dir='ltr'><strong>liess,</strong></span> <span class='ocrx_word' id='word_1_213' title='bbox 810 3049 937 3124; x_wconf 68' lang='grc'>11916111</span> <span class='ocrx_word' id='word_1_214' title='bbox 952 3053 1064 3125; x_wconf 79' lang='lat' dir='ltr'><strong>accepit</strong></span> <span class='ocrx_word' id='word_1_215' title='bbox 1078 3051 1176 3108; x_wconf 79' lang='lat' dir='ltr'><strong>besscr</strong></span> 
     </span>
     <span class='ocr_line' id='line_1_29' title="bbox 102 3133 1177 3212; baseline -0.002 -16"><span class='ocrx_word' id='word_1_216' title='bbox 102 3141 149 3207; x_wconf 79' lang='lat' dir='ltr'><strong>ist,</strong></span> <span class='ocrx_word' id='word_1_217' title='bbox 171 3137 235 3195; x_wconf 81' lang='lat' dir='ltr'><strong>aad</strong></span> <span class='ocrx_word' id='word_1_218' title='bbox 260 3137 290 3194; x_wconf 74' lang='lat' dir='ltr'><strong>V.</strong></span> <span class='ocrx_word' id='word_1_219' title='bbox 315 3137 359 3193; x_wconf 84' lang='lat'><strong>11.</strong></span> <span class='ocrx_word' id='word_1_220' title='bbox 384 3137 496 3193; x_wconf 71' lang='lat' dir='ltr'><strong>letarum</strong></span> <span class='ocrx_word' id='word_1_221' title='bbox 518 3142 618 3203; x_wconf 76' lang='lat' dir='ltr'><strong>setzte,</strong></span> <span class='ocrx_word' id='word_1_222' title='bbox 641 3137 695 3191; x_wconf 78' lang='lat' dir='ltr'><strong>mie</strong></span> <span class='ocrx_word' id='word_1_223' title='bbox 716 3135 789 3191; x_wconf 76' lang='lat' dir='ltr'><strong>acob</strong></span> <span class='ocrx_word' id='word_1_224' title='bbox 817 3135 846 3192; x_wconf 83' lang='lat' dir='ltr'><strong>V.</strong></span> <span class='ocrx_word' id='word_1_225' title='bbox 871 3133 918 3192; x_wconf 82' lang='lat'><strong>18.</strong></span> <span class='ocrx_word' id='word_1_226' title='bbox 941 3135 987 3191; x_wconf 80' lang='lat' dir='ltr'><strong>die</strong></span> <span class='ocrx_word' id='word_1_227' title='bbox 1016 3137 1177 3212; x_wconf 74' lang='lat' dir='ltr'><strong>Wortfolqe</strong></span> 
     </span>
     <span class='ocr_line' id='line_1_30' title="bbox 101 3217 1176 3298; baseline -0.002 -17"><span class='ocrx_word' id='word_1_228' title='bbox 101 3223 215 3282; x_wconf 76' lang='lat' dir='ltr'><strong>liudem</strong></span> <span class='ocrx_word' id='word_1_229' title='bbox 236 3229 352 3286; x_wconf 74' lang='lat' dir='ltr'><strong>maeste.</strong></span> <span class='ocrx_word' id='word_1_230' title='bbox 390 3221 435 3279; x_wconf 86' lang='lat' dir='ltr'><strong>Da</strong></span> <span class='ocrx_word' id='word_1_231' title='bbox 457 3217 1034 3295; x_wconf 49' lang='grc'>30116116111116111116116111961</span> <span class='ocrx_word' id='word_1_232' title='bbox 1051 3222 1176 3298; x_wconf 83' lang='lat' dir='ltr'><strong>Stropbe</strong></span> 
     </span>
     <span class='ocr_line' id='line_1_31' title="bbox 102 3305 1177 3381; baseline -0.004 -13"><span class='ocrx_word' id='word_1_233' title='bbox 102 3329 156 3368; x_wconf 80' lang='lat' dir='ltr'><strong>aar</strong></span> <span class='ocrx_word' id='word_1_234' title='bbox 181 3309 299 3381; x_wconf 77' lang='lat' dir='ltr'><strong>hequem</strong></span> <span class='ocrx_word' id='word_1_235' title='bbox 322 3309 364 3365; x_wconf 79' lang='lat' dir='ltr'><strong>bis</strong></span> <span class='ocrx_word' id='word_1_236' title='bbox 387 3309 433 3364; x_wconf 82' lang='lat' dir='ltr'><strong>ias</strong></span> <span class='ocrx_word' id='word_1_237' title='bbox 459 3309 484 3363; x_wconf 87' lang='grc' dir='ltr'><em>Τ</em></span> <span class='ocrx_word' id='word_1_238' title='bbox 503 3307 573 3363; x_wconf 84' lang='lat' dir='ltr'><strong>oder</strong></span> <span class='ocrx_word' id='word_1_239' title='bbox 600 3305 763 3380; x_wconf 74' lang='lat' dir='ltr'><strong>qufaibrt</strong></span> <span class='ocrx_word' id='word_1_240' title='bbox 783 3305 898 3362; x_wconf 75' lang='lat' dir='ltr'><strong>werden</strong></span> <span class='ocrx_word' id='word_1_241' title='bbox 920 3305 1050 3374; x_wconf 73' lang='lat' dir='ltr'><strong>konnen,</strong></span> <span class='ocrx_word' id='word_1_242' title='bbox 1081 3327 1115 3366; x_wconf 88' lang='lat' dir='ltr'><strong>so</strong></span> <span class='ocrx_word' id='word_1_243' title='bbox 1137 3311 1177 3365; x_wconf 81' lang='lat' dir='ltr'><strong>ist</strong></span> 
     </span>
     <span class='ocr_line' id='line_1_32' title="bbox 101 3391 1174 3467; baseline -0.004 -15"><span class='ocrx_word' id='word_1_244' title='bbox 101 3398 131 3452; x_wconf 78' lang='lat' dir='ltr'><strong>ia</strong></span> <span class='ocrx_word' id='word_1_245' title='bbox 153 3395 209 3452; x_wconf 83' lang='lat' dir='ltr'><strong>der</strong></span> <span class='ocrx_word' id='word_1_246' title='bbox 231 3399 328 3452; x_wconf 79' lang='lat' dir='ltr'><strong>ersten</strong></span> <span class='ocrx_word' id='word_1_247' title='bbox 352 3393 476 3467; x_wconf 81' lang='lat' dir='ltr'><strong>Stropbe</strong></span> <span class='ocrx_word' id='word_1_248' title='bbox 496 3391 673 3466; x_wconf 73' lang='lat' dir='ltr'><strong>qembbab&#39;cb</strong></span> <span class='ocrx_word' id='word_1_249' title='bbox 701 3394 747 3447; x_wconf 81' lang='lat' dir='ltr'><strong>ein</strong></span> <span class='ocrx_word' id='word_1_250' title='bbox 769 3391 878 3448; x_wconf 75' lang='lat' dir='ltr'><strong>Anteae</strong></span> <span class='ocrx_word' id='word_1_251' title='bbox 898 3393 1027 3461; x_wconf 69' lang='lat' dir='ltr'><strong>aweimal</strong></span> <span class='ocrx_word' id='word_1_252' title='bbox 1053 3399 1174 3466; x_wconf 67' lang='lat' dir='ltr'><strong>posent,</strong></span> 
     </span>
     <span class='ocr_line' id='line_1_33' title="bbox 100 3473 1175 3552; baseline -0.004 -14"><span class='ocrx_word' id='word_1_253' title='bbox 100 3483 155 3538; x_wconf 79' lang='lat' dir='ltr'><strong>wie</strong></span> <span class='ocrx_word' id='word_1_254' title='bbox 177 3481 244 3536; x_wconf 78' lang='lat' dir='ltr'><strong>hier</strong></span> <span class='ocrx_word' id='word_1_255' title='bbox 265 3480 394 3536; x_wconf 80' lang='lat' dir='ltr'><strong>zweimal</strong></span> <span class='ocrx_word' id='word_1_256' title='bbox 413 3479 447 3536; x_wconf 87' lang='grc' dir='ltr'><strong>Α.</strong></span> <span class='ocrx_word' id='word_1_257' title='bbox 491 3477 552 3534; x_wconf 84' lang='lat' dir='ltr'><strong>Der</strong></span> <span class='ocrx_word' id='word_1_258' title='bbox 573 3477 703 3552; x_wconf 79' lang='lat' dir='ltr'><strong>Hymnus</strong></span> <span class='ocrx_word' id='word_1_259' title='bbox 726 3478 771 3532; x_wconf 82' lang='lat' dir='ltr'><strong>bei</strong></span> <span class='ocrx_word' id='word_1_260' title='bbox 796 3477 924 3533; x_wconf 73' lang='lat' dir='ltr'><strong>Thomas.</strong></span> <span class='ocrx_word' id='word_1_261' title='bbox 943 3495 974 3551; x_wconf 81' lang='lat' dir='ltr'><strong>p.</strong></span> <span class='ocrx_word' id='word_1_262' title='bbox 992 3473 1063 3534; x_wconf 72' lang='lat'><strong>420.</strong></span> <span class='ocrx_word' id='word_1_263' title='bbox 1085 3477 1175 3534; x_wconf 78' lang='lat' dir='ltr'><strong>Altis-</strong></span> 
     </span>
     <span class='ocr_line' id='line_1_34' title="bbox 99 3559 1175 3642; baseline -0.004 -18"><span class='ocrx_word' id='word_1_264' title='bbox 99 3568 166 3624; x_wconf 78' lang='lat' dir='ltr'><strong>simi</strong></span> <span class='ocrx_word' id='word_1_265' title='bbox 188 3565 304 3622; x_wconf 81' lang='lat' dir='ltr'><strong>verbam</strong></span> <span class='ocrx_word' id='word_1_266' title='bbox 321 3565 422 3639; x_wconf 79' lang='lat' dir='ltr'><strong>patris</strong></span> <span class='ocrx_word' id='word_1_267' title='bbox 444 3563 483 3636; x_wconf 94' lang='lat' dir='ltr'><strong>(p.</strong></span> <span class='ocrx_word' id='word_1_268' title='bbox 500 3559 562 3628; x_wconf 82' lang='lat'><strong>47.)</strong></span> <span class='ocrx_word' id='word_1_269' title='bbox 585 3563 656 3638; x_wconf 73' lang='lat' dir='ltr'><strong>qebt</strong></span> <span class='ocrx_word' id='word_1_270' title='bbox 677 3563 746 3618; x_wconf 80' lang='lat' dir='ltr'><strong>aber</strong></span> <span class='ocrx_word' id='word_1_271' title='bbox 768 3560 858 3618; x_wconf 78' lang='lat' dir='ltr'><strong>duret</strong></span> <span class='ocrx_word' id='word_1_272' title='bbox 881 3561 933 3617; x_wconf 80' lang='lat' dir='ltr'><strong>dos</strong></span> <span class='ocrx_word' id='word_1_273' title='bbox 954 3578 1047 3642; x_wconf 75' lang='lat' dir='ltr'><strong>quare</strong></span> <span class='ocrx_word' id='word_1_274' title='bbox 1068 3563 1175 3638; x_wconf 75' lang='lat' dir='ltr'><strong>Alphe·</strong></span> 
     </span>
    </p>
   </div>
   <div class='ocr_carea' id='block_1_16' title="bbox 100 3645 1303 3722">
    <p class='ocr_par' dir='ltr' id='par_1_17' title="bbox 100 3645 1303 3722">
     <span class='ocr_line' id='line_1_35' title="bbox 100 3645 1303 3722; baseline -0.003 -13"><span class='ocrx_word' id='word_1_275' title='bbox 100 3653 161 3719; x_wconf 83' lang='lat' dir='ltr'><strong>bet‚</strong></span> <span class='ocrx_word' id='word_1_276' title='bbox 194 3667 252 3706; x_wconf 83' lang='lat' dir='ltr'><strong>nur</strong></span> <span class='ocrx_word' id='word_1_277' title='bbox 273 3667 351 3706; x_wconf 83' lang='lat' dir='ltr'><strong>mass</strong></span> <span class='ocrx_word' id='word_1_278' title='bbox 373 3651 411 3706; x_wconf 82' lang='lat' dir='ltr'><strong>im</strong></span> <span class='ocrx_word' id='word_1_279' title='bbox 434 3649 615 3706; x_wconf 78' lang='lat' dir='ltr'><strong>drittletztea</strong></span> <span class='ocrx_word' id='word_1_280' title='bbox 643 3648 731 3704; x_wconf 75' lang='lat' dir='ltr'><strong>Verso</strong></span> <span class='ocrx_word' id='word_1_281' title='bbox 759 3653 833 3704; x_wconf 73' lang='lat' dir='ltr'><strong>stati</strong></span> <span class='ocrx_word' id='word_1_282' title='bbox 856 3645 968 3704; x_wconf 66' lang='lat' dir='ltr'><strong>fibristo</strong></span> <span class='ocrx_word' id='word_1_283' title='bbox 989 3647 1175 3722; x_wconf 75' lang='lat' dir='ltr'><strong>qescbriebea</strong></span> <span class='ocrx_word' id='word_1_284' title='bbox 1297 3649 1303 3657; x_wconf 81' lang='grc'><strong>“</strong></span> 
     </span>
    </p>
   </div>
   <div class='ocr_carea' id='block_1_17' title="bbox 52 3733 1180 4328">
    <p class='ocr_par' dir='ltr' id='par_1_18' title="bbox 100 3733 1176 3898">
     <span class='ocr_line' id='line_1_36' title="bbox 100 3733 1176 3808; baseline -0.005 -12"><span class='ocrx_word' id='word_1_285' title='bbox 100 3736 219 3796; x_wconf 70' lang='lat' dir='ltr'><strong>werden</strong></span> <span class='ocrx_word' id='word_1_286' title='bbox 240 3735 357 3802; x_wconf 76' lang='lat' dir='ltr'><strong>Kristo,</strong></span> <span class='ocrx_word' id='word_1_287' title='bbox 385 3735 446 3792; x_wconf 83' lang='lat' dir='ltr'><strong>und</strong></span> <span class='ocrx_word' id='word_1_288' title='bbox 466 3737 503 3792; x_wconf 80' lang='lat' dir='ltr'><strong>im</strong></span> <span class='ocrx_word' id='word_1_289' title='bbox 525 3735 721 3792; x_wconf 69' lang='lat' dir='ltr'><strong>zaeeceeten,</strong></span> <span class='ocrx_word' id='word_1_290' title='bbox 733 3733 786 3805; x_wconf 70' lang='lat' dir='ltr'><strong>fiir</strong></span> <span class='ocrx_word' id='word_1_291' title='bbox 807 3733 941 3805; x_wconf 69' lang='lat' dir='ltr'><strong>hymnum</strong></span> <span class='ocrx_word' id='word_1_292' title='bbox 962 3751 1092 3808; x_wconf 72' lang='lat' dir='ltr'><strong>pomum,</strong></span> <span class='ocrx_word' id='word_1_293' title='bbox 1119 3751 1176 3791; x_wconf 71' lang='lat' dir='ltr'><strong>avo-</strong></span> 
     </span>
     <span class='ocr_line' id='line_1_37' title="bbox 100 3819 859 3898; baseline -0.009 -18"><span class='ocrx_word' id='word_1_294' title='bbox 100 3822 195 3898; x_wconf 69' lang='lat' dir='ltr'><strong>aurea</strong></span> <span class='ocrx_word' id='word_1_295' title='bbox 217 3821 268 3878; x_wconf 77' lang='lat' dir='ltr'><strong>die.</strong></span> <span class='ocrx_word' id='word_1_296' title='bbox 286 3821 484 3894; x_wconf 73' lang='lat' dir='ltr'><strong>Reibeafolqe.</strong></span> <span class='ocrx_word' id='word_1_297' title='bbox 499 3819 550 3876; x_wconf 82' lang='lat' dir='ltr'><strong>des</strong></span> <span class='ocrx_word' id='word_1_298' title='bbox 571 3819 743 3894; x_wconf 69' lang='lat' dir='ltr'><strong>Ababebetes</strong></span> <span class='ocrx_word' id='word_1_299' title='bbox 766 3819 859 3875; x_wconf 81' lang='lat' dir='ltr'><strong>bleibt.</strong></span> 
     </span>
    </p>

    <p class='ocr_par' dir='ltr' id='par_1_19' title="bbox 52 3899 1180 4328">
     <span class='ocr_line' id='line_1_38' title="bbox 169 3899 1175 3980; baseline -0.004 -16"><span class='ocrx_word' id='word_1_300' title='bbox 169 3905 219 3964; x_wconf 84' lang='grc'><strong>-6,</strong></span> <span class='ocrx_word' id='word_1_301' title='bbox 242 3905 277 3962; x_wconf 86' lang='grc' dir='ltr'><strong>Α.</strong></span> <span class='ocrx_word' id='word_1_302' title='bbox 301 3907 489 3980; x_wconf 84' lang='lat' dir='ltr'><strong>concepit.</strong></span> <span class='ocrx_word' id='word_1_303' title='bbox 512 3901 545 3962; x_wconf 86' lang='lat' dir='ltr'><strong>T.</strong></span> <span class='ocrx_word' id='word_1_304' title='bbox 569 3905 727 3979; x_wconf 86' lang='lat' dir='ltr'><strong>accepit.</strong></span> <span class='ocrx_word' id='word_1_305' title='bbox 773 3903 800 3964; x_wconf 91' lang='grc'>9.</span> <span class='ocrx_word' id='word_1_306' title='bbox 824 3899 1090 3962; x_wconf 73' lang='grc' dir='ltr'><strong>Α.Β.Τ.Ε.1)οο.Ι</strong></span> <span class='ocrx_word' id='word_1_307' title='bbox 1128 3905 1175 3964; x_wconf 87' lang='grc'><strong>18.</strong></span> 
     </span>
     <span class='ocr_line' id='line_1_39' title="bbox 100 3987 1175 4064; baseline -0.005 -14"><span class='ocrx_word' id='word_1_308' title='bbox 100 3989 227 4050; x_wconf 82' lang='grc' dir='ltr'>Α.Β.Τ.</span> <span class='ocrx_word' id='word_1_309' title='bbox 251 3989 498 4048; x_wconf 90' lang='lat' dir='ltr'><strong>itemredire.</strong></span> <span class='ocrx_word' id='word_1_310' title='bbox 546 3989 593 4048; x_wconf 90' lang='grc'><strong>19.</strong></span> <span class='ocrx_word' id='word_1_311' title='bbox 618 3989 652 4046; x_wconf 86' lang='grc' dir='ltr'>Α.</span> <span class='ocrx_word' id='word_1_312' title='bbox 676 3987 745 4046; x_wconf 89' lang='lat' dir='ltr'><strong>sub</strong></span> <span class='ocrx_word' id='word_1_313' title='bbox 775 3993 1011 4064; x_wconf 87' lang='lat' dir='ltr'><strong>sceptroque.</strong></span> <span class='ocrx_word' id='word_1_314' title='bbox 1050 3991 1083 4046; x_wconf 92' lang='lat' dir='ltr'><strong>B.</strong></span> <span class='ocrx_word' id='word_1_315' title='bbox 1109 3989 1175 4046; x_wconf 92' lang='lat' dir='ltr'><strong>sub</strong></span> 
     </span>
     <span class='ocr_line' id='line_1_40' title="bbox 101 4074 1180 4152; baseline -0.005 -16"><span class='ocrx_word' id='word_1_316' title='bbox 101 4081 270 4152; x_wconf 85' lang='lat' dir='ltr'><strong>sceptro.</strong></span> <span class='ocrx_word' id='word_1_317' title='bbox 312 4075 345 4132; x_wconf 86' lang='lat' dir='ltr'><strong>E.</strong></span> <span class='ocrx_word' id='word_1_318' title='bbox 369 4077 402 4132; x_wconf 90' lang='lat' dir='ltr'><strong>T.</strong></span> <span class='ocrx_word' id='word_1_319' title='bbox 425 4074 480 4134; x_wconf 79' lang='lat' dir='ltr'><strong>Ab.</strong></span> <span class='ocrx_word' id='word_1_320' title='bbox 505 4079 536 4134; x_wconf 89' lang='lat' dir='ltr'><strong>et</strong></span> <span class='ocrx_word' id='word_1_321' title='bbox 552 4075 705 4135; x_wconf 73' lang='lat' dir='ltr'><strong>-Sarisbuu</strong></span> <span class='ocrx_word' id='word_1_322' title='bbox 737 4080 776 4132; x_wconf 94' lang='lat' dir='ltr'><strong>tu</strong></span> <span class='ocrx_word' id='word_1_323' title='bbox 799 4079 985 4148; x_wconf 83' lang='lat' dir='ltr'><strong>sceptrum</strong></span> <span class='ocrx_word' id='word_1_324' title='bbox 1007 4079 1104 4133; x_wconf 91' lang='lat' dir='ltr'><strong>tuum</strong></span> <span class='ocrx_word' id='word_1_325' title='bbox 1125 4077 1180 4131; x_wconf 80' lang='lat' dir='ltr'><strong>in·-</strong></span> 
     </span>
     <span class='ocr_line' id='line_1_41' title="bbox 52 4159 1176 4238; baseline -0.003 -17"><span class='ocrx_word' id='word_1_326' title='bbox 52 4160 58 4168; x_wconf 83' lang='grc'><em>’</em></span> <span class='ocrx_word' id='word_1_327' title='bbox 102 4163 252 4238; x_wconf 82' lang='lat' dir='ltr'><strong>clytum.</strong></span> <span class='ocrx_word' id='word_1_328' title='bbox 298 4160 528 4222; x_wconf 61' lang='lat' dir='ltr'><strong>sumaih.</strong></span> <span class='ocrx_word' id='word_1_329' title='bbox 553 4159 1026 4238; x_wconf 85' lang='lat' dir='ltr'><strong>etSarisbur.tuo-clipeo.</strong></span> <span class='ocrx_word' id='word_1_330' title='bbox 1070 4159 1176 4220; x_wconf 69' lang='lat' dir='ltr'><strong>zali.</strong></span> 
     </span>
     <span class='ocr_line' id='line_1_42' title="bbox 102 4237 982 4328; baseline -0.003 -22"><span class='ocrx_word' id='word_1_331' title='bbox 102 4250 164 4328; x_wconf 80' lang='lat' dir='ltr'><strong>qui</strong></span> <span class='ocrx_word' id='word_1_332' title='bbox 181 4248 290 4306; x_wconf 80' lang='lat' dir='ltr'><strong>lotus</strong></span> <span class='ocrx_word' id='word_1_333' title='bbox 313 4265 349 4304; x_wconf 86' lang='lat' dir='ltr'><strong>es</strong></span> <span class='ocrx_word' id='word_1_334' title='bbox 366 4249 407 4306; x_wconf 85' lang='lat' dir='ltr'><strong>lu</strong></span> <span class='ocrx_word' id='word_1_335' title='bbox 429 4247 597 4315; x_wconf 84' lang='lat' dir='ltr'><strong>flumine,</strong></span> <span class='ocrx_word' id='word_1_336' title='bbox 626 4245 680 4303; x_wconf 86' lang='lat' dir='ltr'><strong>das</strong></span> <span class='ocrx_word' id='word_1_337' title='bbox 702 4246 833 4304; x_wconf 90' lang='lat' dir='ltr'><strong>Weitere</strong></span> <span class='ocrx_word' id='word_1_338' title='bbox 855 4245 938 4304; x_wconf 83' lang='lat' dir='ltr'><strong>fehlt.</strong></span> <span class='ocrx_word' id='word_1_339' title='bbox 977 4237 982 4244; x_wconf 73' lang='grc'><strong>’</strong></span> 
     </span>
    </p>
   </div>
   <div class='ocr_carea' id='block_1_18' title="bbox 172 4337 353 4396">
    <p class='ocr_par' dir='ltr' id='par_1_20' title="bbox 172 4337 353 4396">
     <span class='ocr_line' id='line_1_43' title="bbox 172 4337 353 4396; baseline -0.011 -2"><span class='ocrx_word' id='word_1_340' title='bbox 172 4341 198 4394; x_wconf 90' lang='grc'>9.</span> <span class='ocrx_word' id='word_1_341' title='bbox 216 4337 264 4396; x_wconf 84' lang='lat' dir='ltr'><strong>Ca.</strong></span> <span class='ocrx_word' id='word_1_342' title='bbox 283 4339 353 4395; x_wconf 86' lang='lat' dir='ltr'><strong>hoc.</strong></span> 
     </span>
    </p>
   </div>
   <div class='ocr_carea' id='block_1_19' title="bbox 541 4409 744 4418">
    <p class='ocr_par' dir='ltr' id='par_1_21' title="bbox 541 4409 744 4418">
     <span class='ocr_line' id='line_1_44' title="bbox 541 4409 744 4418; baseline 0 0"><span class='ocrx_word' id='word_1_343' title='bbox 541 4409 744 4418; x_wconf 51' lang='lat' dir='ltr'><strong>-u--n-o-u--o</strong></span> 
     </span>
    </p>
   </div>
   <div class='ocr_carea' id='block_1_20' title="bbox 0 0 1393 5024">
    <p class='ocr_par' dir='ltr' id='par_1_22' title="bbox 0 0 1393 5024">
     <span class='ocr_line' id='line_1_45' title="bbox 0 0 1393 5024; baseline 0 0"><span class='ocrx_word' id='word_1_344' title='bbox 0 0 1393 5024; x_wconf 95' lang='lat' dir='ltr'><strong> </strong></span> 
     </span>
    </p>
   </div>
  </div>
 </body>
</html>
