2822 5026
422 649 428 660 ,
513 600 591 670 iam
611 599 701 670 nee
729 606 806 672 orto
826 603 957 674 sirim.
992 585 1046 672 'lt

551 701 634 756 Ther.
653 701 675 756 1.
699 719 726 773 p.
745 705 786 758 to.
821 704 866 758 Ad
883 704 1009 774 primm.

258 821 283 844 ”
330 815 398 874 Non
421 811 574 890 discrepat
596 815 721 875 anobis
745 815 817 874 Cod.
840 811 974 876 Rhencv.
1001 818 1068 876 111.
1094 825 1173 876 saec.
1196 817 1232 881 X.
1256 817 1316 885 ad-

247 899 343 959 dimus
365 901 465 958 locum
487 917 503 956 e
525 899 661 958 Martene
684 901 807 960 Collect.
824 903 909 960 Nova
931 901 996 960 Vet.
1014 901 1121 979 Script.
1139 909 1169 960 et
1183 902 1313 964 Menum.

245 1005 275 1062 p.
297 985 359 1046 3116
382 984 543 1062 (Antiquae
573 986 805 1045 consuetudines
836 991 968 1046 canonic.
998 990 1093 1064 regul.
1124 994 1251 1046 monast.
1284 989 1313 1046 S.

244 1069 350 1130 Jacobi
372 1071 411 1129 dc
432 1071 605 1130 Monteforti
628 1089 653 1131 c.
680 1071 720 1138 i):
745 1074 897 1132 Sciendum
919 1093 1040 1150 quoque,
1062 1074 1140 1150 quod
1160 1077 1190 1132 r'a
1211 1076 1316 1148 hymno

244 1173 307 1216 cum
328 1157 419 1216 Deum
428 1175 583 1233 precemur
596 1159 741 1235 supplices
763 1159 902 1226 deamat,
925 1159 1071 1218 moderate
1085 1161 1271 1218 inclinatam.

331 1241 382 1301 Ga.
407 1242 455 1300 Ca.
479 1241 511 1300 P.
535 1259 593 1302 non
617 1243 776 1303 diocedunt
797 1261 816 1300 a
836 1244 1000 1302 Thesauro.

678 1411 872 1434 ...Ἴ-...ὴ

537 1495 540 1500 ¹
593 1526 649 1594 Ad
669 1523 882 1594 Secundam*
926 1523 965 1593 Β.

549 1657 592 1713 Te
613 1672 732 1714 oramus
755 1656 899 1714 altissime

522 1797 525 1810 ι
548 1741 658 1799 Exorte
682 1742 753 1798 solis
775 1741 885 1798 lumine

549 1825 668 1885 Christo
691 1827 789 1883 oriens
812 1829 938 1892 nomine,

548 1911 663 1969 Adesto
685 1909 770 1968 nobis
792 1913 916 1969 Domine

548 1993 606 2068 Qui
627 2015 738 2072 regnas
760 1999 791 2053 in
813 1998 943 2055 saecula.
975 2023 984 2038 r

326 2165 590 2228 Benchoriensium
613 2167 751 2226 Secunda
773 2167 878 2224 eadem
901 2173 948 2225 eet
969 2169 1044 2226 hora
1065 2181 1143 2244 quae
1166 2167 1240 2226 alias
1262 2187 1316 2228 vo·

244 2259 329 2312 catur
350 2251 458 2311 Prima.
497 2249 585 2324 Quod
606 2259 733 2329 apparet
748 2270 783 2310 ex
799 2253 927 2313 collecta
942 2252 981 2310 ad
996 2251 1176 2310 Secundam:
1200 2251 1316 2314 Exaudi
1402 2249 1404 2306 ἕ

1399 2347 1404 2576 i

242 2357 297 2396 nos
320 2335 443 2396 Domine
466 2337 618 2414 supplices
641 2345 723 2407 tuos,
761 2341 812 2414 qui
839 2342 868 2395 in
898 2340 965 2396 hac
991 2339 1081 2395 hora
1109 2339 1222 2412 prima
1256 2337 1316 2398 diei

243 2430 299 2481 etc.
337 2421 516 2498 Appellatur
537 2425 595 2480 hoc
619 2421 748 2481 officium
772 2423 947 2492 secundum,
977 2441 1043 2480 cum
1065 2423 1229 2499 praecedat
1251 2425 1316 2482 offi-

242 2512 320 2567 cium
341 2514 524 2566 nocturnum.

306 2873 308 2876 .
424 2788 567 2860 Garum
588 2796 749 2860 torrenter
772 2793 940 2859 ordinem.
1001 2788 1039 2856 θ.
1067 2789 1131 2858 Th.
1202 2821 1206 2835 f

556 2893 638 2946 Thes.
657 2891 678 2948 Ι.
697 2911 723 2960 p.
742 2896 783 2946 45.
802 2893 846 2946 nd
866 2891 999 2946 Tertiam.

327 3007 530 3064 Areva-lusui.
553 3007 727 3063 virtutem
749 3008 836 3062 trini
858 3007 1020 3064 numinis.
1045 3007 1073 3064 5.
1090 3005 1312 3083 habitaculo.

242 3095 270 3152 11.
295 3109 371 3168 quo.
406 3092 452 3150 10.
469 3091 592 3149 Nealius
609 3092 728 3148 coniicit
750 3097 902 3148 cunctos
926 3107 967 3148 sc.
992 3093 1191 3164 apostolos.
1224 3093 1313 3168 Equi-

242 3177 310 3236 dem
331 3179 400 3252 lego
425 3193 491 3234 cum
513 3177 627 3244 Neafio,
651 3185 748 3252 neque
771 3184 841 3236 ver'o
865 3178 1018 3250 apostolos
1038 3178 1068 3234 in
1084 3178 1210 3252 stropha
1225 3180 1313 3236 tertia

241 3263 409 3320 intellector
432 3263 528 3320 veiim.
583 3262 708 3320 Sensus:
746 3263 852 3343 itaque
882 3279 997 3331 omnes,
1035 3264 1086 3337 qui
1112 3263 1188 3322 hora
1213 3265 1311 3330 tertia,

175 3415 177 3420 s
242 3349 354 3424 Spiritu
376 3353 480 3405 canoto
504 3347 654 3423 quondam
669 3347 825 3428 irradiata,
848 3363 955 3422 preces
978 3347 1113 3416 fundunt,
1128 3365 1248 3422 semper
1268 3366 1312 3406 or·
1399 3362 1402 3440 ’Ξ

241 3439 293 3492 nat
316 3433 491 3510 ornabitque
514 3438 600 3508 pater
624 3435 763 3490 coelestis
787 3435 916 3491 aeternis
940 3434 1087 3506 praemiis.
1114 3465 1115 3468 =

606 3713 664 3782 Ad
690 3713 857 3781 Tertiam.
902 3711 942 3780 B.

548 3845 659 3902 Christi
681 3861 736 3917 per
757 3844 862 3902 horam
884 3845 1002 3912 tertiam

547 3933 750 4008 Deprecamur
769 3930 955 3988 clementiam

545 4017 595 4073 Uti
617 4014 702 4072 nobis
721 4020 898 4090 perpetuam

547 4099 637 4158 Suam
659 4099 770 4156 tribuat
792 4102 926 4175 gratiam,

546 4185 602 4256 Qui
624 4202 734 4261 regnas
756 4187 786 4242 in
809 4187 938 4242 saecula.

704 4350 784 4358 v——n-·
802 4350 848 4356 --..
