2724 5026
511 421 849 530 snos

166 687 174 710 .
228 650 301 722 siqn.
349 647 426 703 nnus
447 648 627 722 Anqnstine;
649 645 712 701 nito
734 663 804 701 enen
827 647 858 701 in
883 645 929 702 iric
953 647 1020 700 tinne
1032 646 1128 718 found
1140 665 1157 700 o
1172 645 1286 702 nondor
1308 655 1310 661 ⁴

227 733 277 805 fni
296 735 482 806 siqnificance
504 735 534 788 tn
559 733 615 788 titis
637 730 793 788 continued
813 731 872 786 ond
891 739 1028 806 separate
1043 733 1191 788 existence
1205 731 1240 804 of
1249 731 1286 788 ne
1351 745 1352 810 i

228 819 312 886 Jens,
335 818 514 874 ondtterein
537 836 555 873 a
574 817 727 891 prophetie
746 816 908 888 falfitment
929 817 967 889 of
984 817 1064 873 anese
1085 817 1178 874 nords
1200 817 1235 889 os
1245 816 1287 872 Ge
1351 885 1352 888 Ἴ

230 907 318 971 neeis,
342 923 376 960 os
400 905 461 959 niso
484 905 521 974 os
539 903 620 958 those
642 901 736 958 nords
758 902 796 972 of
806 901 852 957 tlte
867 901 1021 958 Psalmist:
1044 902 1137 975 „Sioy
1153 903 1224 959 then
1238 909 1286 968 not,
1351 893 1352 910 ³

230 991 287 1045 lest
307 1007 353 1061 noy
371 990 483 1063 peonio.
496 989 597 1062 foryet
618 981 668 1043 it.“
715 986 794 1050 (Con.
818 988 928 1055 Fonst„
951 987 974 1045 I.
998 987 1045 1044 12.
1067 1006 1090 1046 c.
1113 987 1166 1054 13;
1192 988 1286 1043 Enorr.

174 1137 175 1140 Ἴ
229 1077 260 1130 in
282 1074 330 1132 Pr.
354 1073 462 1156 avril.
485 1074 546 1137 12.)

315 1260 386 1318 419.
414 1248 600 1332 [Allittt'me
623 1251 708 1316 Iesu
733 1246 882 1317 Christe.
927 1259 961 1317 in
976 1259 1062 1316 Faria
1078 1258 1216 1316 Secunda
1230 1266 1288 1332 post

230 1345 382 1404 Pascha.
426 1344 537 1400 Neale
561 1345 628 1418 Seq.
651 1363 680 1418 p.
704 1345 754 1402 51.
779 1363 795 1401 e
817 1345 933 1405 Missali
956 1345 1115 1404 Leodiensi
1140 1337 1239 1414 15131

256 1467 281 1522 1.
305 1465 458 1521 Altissime
480 1463 550 1520 Iesu
574 1463 701 1534 Christe,
724 1467 776 1540 qui
799 1465 938 1539 dignatus
962 1483 994 1521 es
1017 1463 1128 1522 munda

252 1552 280 1608 2.
303 1549 346 1606 Ex
367 1549 549 1624 virguncula
570 1549 666 1606 Marii
689 1567 811 1609 carnem
830 1558 963 1608 nostram
986 1567 1138 1608 assumere
1163 1552 1290 1618 immacu·
1350 1581 1352 1620 4

433 1637 537 1690 latam:
942 1679 950 1699 ,
1351 1625 1352 1628 “

235 1721 281 1778 ’3.
303 1720 349 1776 Tu
371 1738 425 1794 per
447 1721 585 1776 feminam
606 1737 733 1778 renovas
757 1738 877 1778 carnem
899 1727 1046 1790 nostram,
1071 1738 1149 1796 quae
1173 1723 1289 1795 perierat

434 1823 488 1878 per
511 1806 611 1862 Evam.
867 1875 871 1884 ἱ
1351 1793 1352 1804 ’

250 1893 279 1948 4.
302 1891 347 1947 Tu
376 1896 479 1948 nostra
508 1893 637 1948 visitasti
666 1893 796 1964 infirma,
827 1897 860 1947 ut
889 1893 1019 1950 infirmas
1048 1908 1159 1950 sanans
1182 1907 1289 1950 curares

433 1992 555 2032 ammas.

252 2062 281 2120 5.
305 2061 390 2130 Nam,
414 2078 595 2138 quamquam
617 2064 647 2118 in
669 2061 798 2118 humana
820 2069 926 2120 natura
948 2063 1133 2137 apparebas,
1166 2069 1200 2120 tu
1222 2078 1290 2120 care

431 2147 486 2204 bas
509 2148 635 2204 macula.
888 2201 891 2208 ,

251 2234 278 2292 o.
301 2233 346 2290 Tu
376 2235 469 2290 nostri
498 2235 642 2290 miserans
673 2217 717 2289 de'
734 2249 875 2307 ,superna
905 2235 990 2290 existi
1024 2235 1138 2307 patria,
1179 2235 1290 2292 visitans

215 2381 219 2389 .
433 2323 565 2393 nostra„
936 2369 943 2372 .

251 2403 280 2472 7,
305 2405 437 2460 Caritate
460 2409 512 2459 tua
534 2404 620 2460 nimis
643 2420 714 2460 cara
736 2421 796 2478 qua
817 2421 872 2460 nos
902 2403 1049 2461 dilexeras
1079 2421 1174 2478 super
1197 2406 1290 2469 omnia,

251 2491 279 2548 8.
303 2490 383 2564 Ergo
406 2495 459 2546 tua
481 2490 591 2562 iugiter
611 2495 720 2562 regnat
742 2490 887 2546 altissima
909 2489 1055 2548 divinitas.
1128 2546 1131 2550 ,
1156 2497 1160 2505 “

226 2576 279 2634 -9.
303 2575 387 2632 Servi
409 2575 533 2630 sormam
556 2579 589 2630 tu
611 2592 669 2630 non
692 2573 858 2650 dedignans
880 2577 979 2650 iungis
1002 2575 1055 2632 tibi
1078 2575 1245 2634 ecclesiam.

232 2661 279 2720 to.
302 2660 327 2716 0
351 2662 417 2735 quis
441 2661 499 2715 iam
522 2664 605 2716 tanta
628 2659 718 2734 digna
741 2665 771 2716 et
793 2663 843 2733 pia
865 2661 987 2733 pietatis
1009 2662 1141 2718 viscera!
1259 2667 1261 2673 ’

231 2749 279 2802 11.
302 2746 366 2802 Has
388 2747 437 2819 pie
461 2749 562 2800 cantet
584 2743 658 2800 odas
682 2747 810 2802 ecelesia
830 2764 908 2818 nuno
932 2745 1059 2804 dulciter
1082 2752 1162 2815 tuas,

193 2815 198 2831 ’
232 2832 279 2892 12.
302 2831 434 2888 Iubilans
457 2835 581 2904 propter
603 2847 712 2905 magna
733 2831 901 2898 ¹dilectionis
925 2830 1017 2888 dona:
1042 2837 1159 2906 quatu
1182 2849 1236 2888 nos
1256 2829 1290 2884 di·

431 2916 556 2983 lexeras,
579 2931 634 2971 nos
657 2921 739 2972 tuum
762 2914 893 2990 plasma;

231 3003 278 3060 13.
300 3002 334 3058 In
356 3005 473 3058 tantum
495 3006 529 3056 ut
551 3019 605 3074 pro
629 3007 732 3056 nostra
754 3008 787 3057 tu
810 3005 968 3060 morereris
991 3004 1064 3060 vita:
1089 3008 1120 3060 et
1141 3002 1290 3059 reduceret

431 3087 522 3144 vitam
544 3105 633 3152 mors,
658 3087 786 3156 Christe,
810 3093 870 3145 tua.

232 3173 277 3229 11.
302 3169 422 3228 Gaudet
444 3171 581 3228 Ecclesia
603 3173 653 3245 pia
675 3189 815 3246 promere
840 3175 978 3241 carmina,

230 3257 278 3316 15.
302 3258 401 3332 Seque
424 3257 648 3314 mundissimam
670 3274 777 3330 parare
801 3257 903 3315 studet
924 3259 1063 3326 hostiam,
1105 3271 1109 3278 “

230 3342 277 3404 16.
299 3333 376 3400 Doni
398 3344 557 3398 mortificat
578 3343 657 3398 mala
678 3345 764 3400 vitia:
796 3344 921 3418 gloriam
948 3345 1017 3400 dum
1048 3342 1201 3421 desiderat
1225 3341 1289 3398 mori

349 3421 353 3428 ⁴
430 3434 555 3502 propter
577 3433 691 3486 tuam'

198 3533 202 3542 ·
230 3515 276 3575 17.
299 3511 384 3572 Illam
406 3519 439 3570 tu
462 3530 558 3581 serva,
582 3519 616 3570 tu
637 3513 782 3570 laetifica:
806 3515 950 3590 haectua
966 3513 1073 3572 dicitur
1088 3531 1210 3588 sponsa,
1233 3528 1290 3568 san·

186 3663 191 3672 ¹
424 3601 521 3674 'guina
545 3601 689 3673 quaesita.
796 3617 798 3620 ·

228 3687 276 3744 18.
301 3687 383 3742 Haec
407 3691 537 3743 sacrata,
548 3685 626 3740 festa
647 3684 761 3740 tribuas
784 3685 939 3757 paschalia
1077 3709 1100 3748 ι,

168 3771 170 3779 ’
229 3771 278 3829 19.
303 3771 375 3827 Tuis
399 3779 518 3844 semper
540 3772 635 3827 servis
656 3770 757 3826 colere
780 3772 920 3827 continua

169 3857 175 3864 “
227 3855 278 3915 20.
300 3855 339 3912 Ut
362 3857 406 3918 eis
429 3861 582 3912 aeternam
606 3854 698 3911 dones
721 3856 821 3912 vitam.
865 3856 970 3912 Amen.

311 3972 339 4031 7.
364 3987 432 4049 qua
455 3973 571 4030 addidit
593 3973 696 4041 Neale,
719 3980 783 4030 tum
805 3979 909 4042 metro,
933 3980 996 4030 tum
1012 3993 1101 4032 sensu
1115 3973 1286 4049 postulante.

227 4059 276 4116 11.
300 4059 500 4134 Transposuit
521 4060 555 4117 N.
579 4061 665 4132 metri
689 4076 780 4116 causa
802 4059 889 4116 odas
907 4065 943 4124 *et
965 4078 1066 4118 nunc.

309 4145 431 4201 Nealius
454 4149 572 4214 monet,
595 4147 675 4201 inter
694 4161 808 4220 paucas
831 4145 908 4201 hano
926 4163 993 4202 esse
1010 4146 1203 4221 Sequentianr
1218 4155 1284 4216 quae

225 4234 308 4286 extra
330 4229 501 4288 Adventum
525 4236 555 4286 et
576 4229 770 4288 Nativitatem
793 4231 821 4286 in
844 4231 871 4286 A
894 4231 1019 4288 desinat.
1093 4243 1096 4248 ’

310 4317 367 4373 Str.
391 4317 438 4373 18.
469 4314 589 4371 additur
618 4315 764 4382 Rubrica,
796 4333 873 4391 quae
903 4334 1027 4390 prorsus
1057 4313 1215 4390 singularis
1237 4314 1283 4367 est.

188 4451 194 4458 ,
224 4399 278 4471 „In
289 4399 484 4458 Dedicatione
501 4401 648 4458 ecclesiae
664 4399 803 4458 dicuntur
815 4403 858 4458 sir
875 4407 1037 4478 sequentes
1053 4418 1172 4462 versus:
1195 4399 1282 4485 Haec
