2788 5024
260 626 411 690 osmunt
434 629 535 684 stetim
557 628 621 684 miri
644 627 730 694 clari,
840 627 913 695 Nos,
935 627 1103 696 Francisce,
1127 633 1263 694 tueamur,

293 717 386 772 'Foris
409 715 495 788 nigri,
519 713 699 780 introiisti,
841 713 876 768 ln
898 711 1034 770 adversis
1055 719 1252 786 protegamur,

302 801 412 875 Pungit
435 799 520 855 dolor
542 815 640 873 poena
662 802 755 873 gravi,
835 799 877 867 Ut
895 798 1035 855 mercede
1057 799 1241 872 perfruamur
1360 779 1362 842 l

303 887 445 944 Cruciant
467 885 571 942 aculei.
837 883 870 939 ln
893 885 1016 941 coelesti
1040 883 1143 958 gloria

303 973 411 1029 Gemi
432 972 505 1028 ΜΒ
528 977 678 1026 mmm
779 1003 823 1062 10.
839 1001 930 1060 Pater
951 1006 1010 1079 pie,
1033 1010 1120 1080 pater
1145 1007 1252 1070 sancte,

303 1059 337 1116 11¹
359 1055 559 1113 membfflmm
582 1062 736 1130 apertum
838 1089 929 1145 Plebs
953 1089 1071 1156 devota,
1097 1095 1127 1145 te
1150 1090 1269 1154 iuvante,

303 1145 370 1200 ΝΜ
392 1144 545 1216 imp¹²⁸⁸it
565 1142 622 1198 ¹¹⁰⁸
645 1150 759 1209 'mum’
838 1175 938 1230 Turba
960 1177 1085 1232 fratrum
1108 1176 1259 1230 comitante

303 1229 369 1284 Non
393 1234 508 1284 tortura
530 1228 635 1284 mallei.
838 1259 992 1317 Mereatur
1015 1263 1158 1336 praem

262 1349 290 1408 9.
309 1347 407 1422 Signis
424 1349 520 1402 crucis
542 1364 618 1421 quae
633 1348 771 1422 portasti,
840 1347 897 1402 Fae
922 1353 1079 1403 consortes
1104 1361 1291 1419 supernorum,
1330 1367 1334 1378 ¹

303 1431 361 1490 Per
398 1449 476 1508 quae
506 1432 646 1488 mundum
674 1433 774 1489 trium-
840 1431 923 1500 Quos
945 1434 1086 1488 informas
1107 1433 1170 1488 rita
1189 1446 1291 1493 morum,

645 1517 777 1592 phasti,·
837 1518 1047 1592 Consequatur
1069 1535 1145 1592 grex
1165 1517 1293 1572 Minorum

183 1617 193 1626 ·
305 1604 431 1662 Carnem
453 1604 571 1660 hostem
596 1605 745 1677 superasti
840 1603 1027 1678 Sempiterna
1050 1601 1171 1678 gaudia.

304 1691 411 1747 Inclita
434 1690 571 1770 victoria;

327 1811 405 1866 Acta
428 1809 528 1866 Senot.
547 1808 652 1866 Octob.
669 1808 704 1864 ll.
722 1828 749 1882 p.
767 1809 826 1866 801
839 1828 844 1863 ;
856 1809 1025 1879 -,‚Quam
1048 1803 1293 1864 tamenexcidisse

240 1894 367 1953 credidit
399 1894 478 1952 idem
501 1895 665 1961 Annalista„
702 1895 894 1968 Sequentiam
929 1894 1024 1952 habeo
1059 1893 1140 1950 dono
1170 1891 1227 1948 RR.
1248 1888 1293 1943 PP.

155 1981 159 1988 '
240 1981 486 2038 Conventualium
516 1979 730 2037 Romanorum.
761 1982 811 2054 qui
842 1995 908 2036 eam
937 1997 972 2036 ex
1002 1977 1121 2056 duobus
1160 1973 1294 2033 codicibus

239 2067 327 2124 MSS.
350 2067 546 2122 membraneis
577 2065 688 2122 archivi
716 2066 795 2121 sacri
818 2083 920 2122 eorum
943 2071 1108 2122 conventus
1133 2059 1294 2120 Assisiensis

177 2149 179 2154 ’
241 2152 385 2220 describi,
419 2158 450 2208 et
480 2153 634 2207 auctario
667 2149 786 2224 publico
810 2152 935 2208 conferri
960 2153 1115 2216 curarunt,
1143 2155 1173 2205 et
1195 2159 1295 2221 egone

240 2255 307 2296 eam
329 2239 424 2294 lector
447 2235 607 2303 desideret,
629 2237 679 2292 hic
702 2237 827 2310 subjicio
851 2253 918 2292 cum
941 2238 1002 2294 suis
1025 2234 1144 2292 mendis
1168 2245 1296 2309 gramma·

240 2325 379 2381 ticalibus
403 2322 490 2398 (quae
514 2328 612 2378 tamen
635 2323 763 2378 fortasse
786 2340 842 2377 uon
867 2323 998 2390 auctori,
1029 2320 1083 2378 sed
1103 2319 1216 2377 codicis
1238 2316 1297 2372 scri·

240 2412 330 2486 picci,
364 2409 521 2466 tribuenda
553 2406 640 2472 sunt)
663 2412 697 2464 et
728 2425 794 2464 cum
828 2408 914 2464 titulo
938 2425 1028 2482 quem
1061 2407 1116 2463 sibi
1151 2405 1296 2480 praefixum

348 2488 362 2516 u

240 2495 468 2636 habetlileutram
490 2579 622 2634 Thomas
652 2567 839 2652 sequentiam
863 2578 1006 2636 accedere
1029 2577 1067 2635 ad
1097 2579 1192 2634 Dies
1212 2578 1295 2638 irae,

240 2664 327 2730 dies
349 2665 421 2724 illa
442 2666 640 2731 eminent-iam,
665 2681 731 2720 cum
752 2682 802 2721 res
824 2666 891 2737 ipsa
913 2665 1062 2740 loquatur,
1085 2682 1148 2720 uon
1171 2654 1296 2744 estquod

240 2752 335 2810 fusius
358 2751 548 2826 explicemus.

675 2863 870 2874 W-..-

327 3005 398 3066 636.
423 2993 691 3076 [Laelobundus
712 2997 828 3080 fidelia
849 2999 888 3064 in
911 2998 1012 3064 cor-ua
1034 3000 1164 3062 eantur
1187 2997 1296 3064 moun-

242 3081 355 3148 delur.
399 3091 443 3162 De
468 3092 496 3149 S.
520 3091 760 3150 Colomanno.
805 3092 895 3152 Thes.
918 3091 954 3148 ΙΙ.
979 3112 1008 3168 p.
1035 3085 1113 3162 192]

326 3397 396 3458 634.
421 3385 606 3470 [Caelestis
621 3363 790 3460 telluudel
804 3393 943 3460 eboreo.
967 3403 1010 3474 De
1033 3402 1062 3459 s.
1079 3401 1293 3458 colomanno.

241 3482 332 3542 Mone
361 3483 412 3544 ΠΙ.
450 3503 477 3558 p.
505 3485 575 3544 254.
614 3486 683 3552 (Hs.
707 3506 743 3544 uu
772 3489 814 3548 St.
837 3488 913 3544 Paul
935 3488 988 3546 No.
1012 3487 1061 3545 48.
1089 3487 1136 3544 14.
1160 3487 1208 3544 Jh.
1247 3483 1294 3538 Per

242 3569 349 3646 Stript.
373 3570 442 3630 Rer.
464 3571 564 3629 Austr.
591 3574 616 3640 l,
643 3573 703 3632 106
726 3574 802 3630 Acta
826 3573 876 3633 SS.
902 3563 1022 3630 Octobr.
1046 3571 1095 3639 Vl,
1118 3590 1146 3645 p.
1171 3562 1259 3638 tusi]

696 3741 712 3745 -.
719 3740 877 3747 ---.----—-.

328 3843 400 3902 635.
423 3833 571 3916 [Psauat
591 3837 680 3906 laete
703 3838 800 3904 orbiu
816 3843 944 3905 coetus.
970 3848 1014 3904 De
1037 3839 1293 3904 S.Burchardo.

243 3927 333 3990 Thes.
356 3929 392 3988 lI.
415 3948 443 4004 p.
470 3925 548 4000 wal
943 3963 946 3970 ›

331 4186 402 4246 636.
448 4173 646 4264 [Consum
672 4181 824 4250 tuotone
851 4203 922 4250 vor
951 4181 1098 4270 urenevit
1125 4178 1291 4248 mutinum.

245 4271 290 4332 De
313 4271 341 4331 S.
365 4271 547 4347 Hedwige.
592 4275 681 4334 Thes.
703 4277 739 4336 11.
762 4296 790 4351 p.
817 4271 894 4347 186]

672 4439 880 4450 ...η-...κ-
