2822 5026
645 423 667 496 1

111 567 254 666 si'odori
277 607 348 664 duo.
386 582 552 666 In‘l’salm.
576 608 605 666 8.
629 609 761 666 conclus.
788 547 835 667 li.
865 628 895 686 p.
920 611 968 670 32.
1002 612 1049 669 sd.
1073 611 1187 672 Garat:

9 725 10 732 κ
112 691 203 762 Quale
226 695 307 750 enim
329 711 401 770 rapo
423 700 469 752 est
488 710 581 768 mnus
598 695 730 770 pietatis,
753 701 787 751 ut
807 695 858 752 ille
876 698 1043 772 anpelorum
1059 689 1189 756 domiw

109 796 199 854 usque
222 779 412 852 adsumam
434 780 513 836 servi
538 780 638 836 venire
659 779 796 854 dianatue
820 783 929 854 licerit·
965 790 999 838 ut
1023 801 1100 840 mors
1125 789 1188 841 cum

8 855 10 870 ¹
108 872 228 922 suetore
254 882 309 921 suo
331 863 443 920 diabolo
465 866 636 930 oinemetur,
660 867 710 938 qni
732 865 864 922 mundum
885 869 948 924 suis
970 869 1091 925 vinculis
1110 875 1187 925 tene-

8 961 9 968 ’
109 951 155 1005 iat
175 951 360 1026 obnoxium?
384 949 461 1006 Unde
482 950 583 1006 beatus
596 949 771 1007 Ambrosius
792 945 926 1024 hymnum
949 953 1062 1009 Natalis
1082 951 1187 1010 domini

108 1036 298 1108 eloquentiae
319 1053 391 1091 suae
406 1035 603 1110 pulcherrimo
622 1036 695 1108 (lore
717 1037 887 1112 compinxit,
911 1045 945 1093 ut
959 1040 1030 1112 pius
1051 1038 1188 1096 soem

106 1122 273 1192 festivitati
297 1126 394 1176 tantae
416 1120 532 1194 dianam
554 1138 658 1190 moinus
672 1121 801 1194 offerret.
839 1123 889 1178 Ait
903 1125 991 1178 enim:
1022 1123 1187 1181 Procedens

108 1204 141 1262 de
163 1205 300 1262 thalamo
320 1223 374 1262 suo
390 1205 515 1280 pudoris
536 1206 604 1262 cula
626 1208 716 1288 repia,
738 1209 869 1280 poeninae
890 1210 975 1282 pipas
996 1209 1185 1276 substantiae,

108 1291 215 1348 amens
244 1297 279 1347 ut
300 1297 401 1348 currat
421 1293 512 1358 uiam,
544 1297 574 1346 et
601 1303 698 1347 cetero
727 1285 801 1365 quae
822 1311 911 1368 supra
932 1293 1085 1350 numanum
1107 1297 1186 1370 inpe-

108 1377 182 1434 m’um
201 1377 256 1432 cir
278 1381 397 1434 sanctem
419 1377 555 1434 excoluit.
592 1374 625 1432 In
647 1373 757 1433 Psalm.
771 1375 821 1434 71.
844 1377 871 1434 6.
891 1379 938 1434 11.
962 1396 991 1452 p.
1007 1379 1083 1437 228:
1106 1379 1186 1436 Haec
1235 1371 1240 1380 ’

108 1464 237 1537 sipuru
260 1459 555 1527 menteeonsideres,
579 1461 796 1518 haesitationem
819 1461 854 1518 de
871 1470 962 1538 partu
984 1465 1107 1538 cirpinis
1129 1483 1186 1522 nou
1259 1505 1262 1512 ·

109 1546 240 1604 babebis.
274 1545 357 1604 *illud
377 1547 451 1602 enim
473 1549 576 1620 inpane
597 1548 778 1614 miraculum,
810 1540 843 1604 ut
869 1550 1052 1622 sinendique
1074 1549 1186 1606 dubito·
1228 1589 1233 1594 -
1281 1581 1286 1602 .

110 1635 183 1690 tione
209 1631 297 1690 credi
313 1633 417 1707 possit,
441 1631 572 1708 exemplo
594 1630 702 1708 duplici
723 1631 923 1707 iamprobaoit.
955 1633 1031 1690 Hine
1044 1635 1186 1692 Ambrosii

111 1719 156 1776 ille
177 1716 329 1792 quondam
351 1718 490 1774 ecclesiae
511 1714 631 1773 candela
653 1718 777 1774 mirabili
788 1719 907 1793 fulpore
924 1720 1060 1794 lampavit
1074 1719 1186 1777 dicem:

116 1802 182 1860 Veni
220 1801 388 1877 redemptor
420 1804 561 1876 pontium,
599 1802 717 1859 ostende
746 1811 865 1878 portum
892 1807 1026 1878 cirpinis,
1064 1807 1186 1862 miretur

112 1907 190 1946 omne
226 1887 390 1956 saeculum,
415 1888 491 1944 talis
522 1885 605 1944 decet
627 1895 734 1964 partus
759 1881 880 1946 Deum.“
924 1886 1186 1946 Pseudo-Ilds·

113 1972 279 2049 phonsus
301 1973 331 2028 in
353 1972 428 2029 libro
452 1977 556 2028 contra
578 1989 631 2029 eos
654 1973 706 2047 qui
726 1971 880 2046 disputant
902 1972 939 2029 de
961 1979 1107 2048 perpetua
1129 1976 1187 2031 vir·

118 2061 239 2134 putate
264 2057 294 2114 S.
316 2056 432 2116 Mariae
461 2056 547 2123 (Bibl.
571 2054 630 2114 ΡΡ.
658 2056 754 2132 Lugd.
779 2056 843 2114 XII.
871 2075 900 2132 p.
925 2057 1013 2124 bii8):
1050 2059 1092 2116 Et
1113 2059 1186 2125 ideo,

121 2147 182 2217 puio
202 2162 262 2202 non
283 2143 347 2215 suit
367 2142 528 2200 autument
544 2150 651 2218 parties
672 2145 889 2201 sacratissimae
916 2144 1044 2218 Virpinis
1063 2143 1185 2211 Mariae,

118 2236 148 2284 ut
165 2231 217 2286 isti
239 2236 395 2294 usserunt,
433 2231 512 2284 canit
532 2235 563 2284 et
582 2235 650 2284 mat
670 2228 851 2288 decurrimus
871 2230 1053 2286 Ambrosius:
1106 2230 1187 2296 Veni·
1258 2289 1262 2294 ,

108 2317 161 2380 ait,
184 2314 355 2388 redemptor
365 2315 508 2387 ‚pontium
532 2312 651 2382 ostende
674 2321 794 2388 portum
815 2315 946 2389 cirpinis,
969 2317 1091 2371 miretur
1105 2332 1187 2372 omne
1287 2379 1289 2383 ¹

5 2455 6 2480 i
113 2401 275 2464 saeculum,
310 2399 377 2455 talis
404 2399 487 2456 decet
506 2406 614 2472 portus
642 2397 741 2456 Deum.
786 2399 849 2457 Non
879 2401 952 2456 enim
982 2403 1036 2467 ait,
1068 2397 1187 2458 ostende

5 2499 6 2546 j
112 2491 282 2561 conceptum
309 2485 444 2557 cirpinis,
479 2483 533 2548 sed
550 2491 684 2558 partum:
719 2493 753 2541 ut
779 2487 850 2542 istos
882 2487 1013 2542 revincat
1040 2503 1185 2552 errorteos,
1210 2525 1213 2538 ,

111 2570 189 2644 quod
212 2570 281 2627 talis
304 2575 335 2624 et
357 2575 454 2626 tantus
476 2575 528 2634 est,
553 2570 647 2642 qualis
669 2568 759 2626 Deum
786 2570 880 2638 decet,
913 2577 943 2626 et
967 2572 998 2626 in
1020 2588 1075 2644 quo
1102 2573 1187 2628 mire·

112 2663 160 2714 tur
182 2673 269 2712 omne
290 2654 444 2712 soeculum.
475 2653 547 2712 Plus
569 2657 642 2711 enim
665 2657 700 2711 in.
712 2662 813 2730 partu,
836 2663 870 2712 ut
891 2657 932 2711 ita
954 2655 1054 2722 dicam,
1077 2655 1189 2729 aliquid

111 2741 291 2806 declarator,
316 2739 400 2812 quain
422 2741 452 2795 in
473 2747 619 2815 cortaeptte.
659 2737 734 2810 Ouia
755 2742 785 2797 in
809 2747 900 2817 portu
928 2747 988 2796 tota
1009 2741 1187 2815 incorruptio

5 2881 8 2892 ,
111 2825 280 2884 ostenditur
303 2827 433 2900 uirps'nis,
457 2826 488 2880 in
509 2833 647 2900 conceptu
669 2843 737 2882 vcro
759 2842 816 2882 non
830 2824 912 2882 aliud
925 2843 1008 2897 quom
1024 2827 1092 2898 quia
1106 2827 1187 2899 uirpo

111 2913 175 2968 sine
197 2912 278 2967 coitu
300 2909 479 2983 providetur.
517 2909 639 2968 Poterat
659 2927 781 2982 namque
802 2917 836 2966 ut
856 2911 907 2966 isti
932 2911 1042 2975 inolent,
1056 2967 1061 2972 ,
1075 2913 1102 2966 si
1124 2911 1187 2984 ispe

114 3059 268 3068 ...ἁ-,-
279 3059 289 3064 --
297 3059 314 3064 --

132 3156 168 3194 uo
187 3144 329 3206 tempore,
349 3138 400 3190 sed
419 3152 483 3190 sero
495 3137 598 3206 Hymni
617 3137 679 3190 cani
698 3143 852 3205 coeperunt
859 3156 866 3202 ;
885 3153 976 3205 neque
995 3137 1110 3191 enimin
1123 3137 1187 3192 ullis

115 3158 250 3262 {omanis
268 3205 433 3268 Ordinibus,
452 3210 480 3258 et
497 3222 532 3260 nc
550 3207 579 3258 iu
595 3206 644 3259 illo
683 3205 788 3269 uidem,
808 3222 891 3279 quem
909 3206 1079 3259 Benedictus
1099 3204 1188 3259 Cauo-

116 3277 193 3332 nicus
213 3276 242 3330 S.
261 3274 340 3330 Petri
357 3273 457 3326 tribuit
471 3274 594 3327 Guidoni
613 3273 648 3328 de
662 3223 794 3336 desectio,
814 3275 863 3342 qui
880 3279 980 3341 postea
998 3291 1022 3326 a.
1038 3273 1103 3328 114³
1116 3275 1187 3326 Pon·

116 3345 182 3398 tifex
200 3344 348 3396 Romanus
366 3342 419 3394 fuit
430 3347 466 3394 'et
484 3341 660 3396 Coelestinus
677 3341 713 3394 11.
733 3343 902 3409 appellatus,
922 3342 1027 3394 mentIo
1046 3341 1140 3409 aliqua
1158 3342 1188 3394 til

5 3473 6 3478 ἵ
115 3411 293 3493 Hpmnorum
314 3409 524 3464 recitandorum
547 3411 575 3462 in
595 3409 714 3472 Officiis,
747 3425 819 3478 quae
839 3410 982 3464 describit.
1018 3409 1090 3462 Hinc
1108 3414 1136 3462 et
1155 3425 1188 3462 cx

116 3483 174 3534 aliis
198 3479 373 3534 coniecturis
395 3478 482 3531 insert
501 3477 657 3532 Grancolas
669 3469 727 3530 lib.
745 3477 766 3530 1.
785 3495 808 3531 c.
827 3480 868 3540 23,
888 3484 953 3546 post
971 3477 1033 3530 XII.
1053 3478 1189 3530 duntaxat

115 3549 259 3603 saeculum
285 3547 392 3600 Romae
417 3545 562 3600 Breviario
589 3546 716 3615 Hymnus
743 3547 866 3599 insertos
892 3547 989 3598 inisse.
1024 3545 1188 3612 Radulphus

116 3617 304 3686 Tungrensis,
324 3616 476 3682 plerosque
495 3630 599 3677 eorum,
620 3617 667 3682 qui
681 3631 732 3668 sua
747 3618 840 3668 aetate
854 3614 1028 3675 dicebantur,
1048 3616 1187 3674 recenset,

5 3689 6 3694 ’
117 3685 308 3739 stauntfcre
327 3683 413 3736 iidem
435 3683 582 3744 cumillis,
614 3684 662 3750 qui
686 3683 770 3736 hodie
793 3682 959 3745 recitantem
990 3681 1031 3736 ita
1052 3685 1084 3733 ut
1107 3696 1188 3734 nemo

117 3769 224 3822 negare
243 3752 419 3820 possit„per
437 3767 471 3803 ea
488 3755 628 3818 tempora,
648 3751 723 3803 XIV.
743 3751 851 3805 scilicet
869 3751 996 3811 saeculo,
1015 3749 1142 3818 Hymnos
1160 3749 1189 3804 iu

118 3822 264 3876 Breviario
284 3825 432 3873 contentos
450 3819 547 3872 fuisse.
583 3817 702 3872 Coniicit
718 3824 814 3887 tamen
833 3817 1001 3880 GrancolaS‚
1021 3818 1051 3870 id
1069 3820 1104 3870 ab
1122 3817 1188 3871 Hai-

116 3907 207 3951 mone‚
227 3888 480 3942 Franciscanorum
499 3887 632 3940 Generali
650 3888 819 3954 praestitum
836 3887 933 3948 fuisse,
953 3902 1015 3939 cum
1033 3885 1204 3946 Romanum·

117 3959 247 4020 cilicium,
268 3955 411 4025 Gregorio
429 3955 478 4008 IX.
496 3957 611 4008 iubente
630 3972 702 4009 anno
719 3957 785 4010 1240
803 3955 972 4037 recognovit
990 3959 1018 4008 et
1037 3955 1188 4016 concludit,

118 4028 193 4096 quod
212 4025 324 4080 etiamsi
346 4024 489 4092 prioribus
513 4023 632 4076 saeculis
651 4024 738 4092 aliqui
755 4023 859 4092 Hymni
881 4023 982 4078 tnserti
998 4023 1103 4076 fuerint
1121 4023 1189 4076 Bre-

120 4095 207 4148 viario
225 4094 362 4155 Romano,
383 4093 570 4146 certissimum
588 4095 681 4145 tamen
700 4108 773 4154 esse,
794 4093 869 4161 quod
887 4091 950 4145 XII.
969 4091 1081 4144 saeculo
1100 4091 1189 4145 inEc·

120 4163 204 4217 elesia
220 4162 249 4220 S.
269 4161 349 4217 Petri
369 4160 436 4214 nulli
458 4160 570 4214 recitati
592 4161 684 4224 iucrc;
716 4164 744 4214 ct
763 4177 824 4215 cam
842 4159 993 4214 Uldaricus
1018 4160 1045 4212 in
1065 4158 1189 4212 Consue-

119 4231 261 4285 tudinibus
288 4230 523 4284 cluniacensibus
549 4227 724 4296 Hymnorum
748 4228 890 4282 Romanae
908 4227 1052 4281 Ecclesiae
1071 4225 1188 4278 mentio-

121 4314 179 4354 nem
196 4300 276 4362 iacit,
297 4301 334 4352 de
360 4296 543 4365 singularium
571 4298 727 4365 aliquarum
750 4296 939 4350 Ecclesiarum
965 4292 1085 4363 Hymnis
1112 4293 1191 4359 loqui

121 4367 267 4422 volutam
