2772 5024
595 321 599 332 Ι

646 347 753 442 ,ἃ

196 533 446 606 Anglosaxonica,
468 531 753 590 consarcinaverunt
766 528 902 604 diversas
918 533 1022 600 partes
1039 525 1159 590 codices
1175 528 1273 584 nostri

196 618 396 675 Monacenses
423 617 468 674 15.
499 615 601 674 1116.
633 632 713 676 saec.
741 615 786 698 13.
812 612 913 680 (Thes.
937 613 974 670 Π.
1006 631 1034 686 p.
1060 610 1148 681 383),
1172 630 1273 688 usqua

197 703 380 765 Breviorium
403 701 567 760 Romanum
598 705 765 756 correctum
788 699 825 776 ab
848 699 905 754 hac
928 699 1128 772 perversitate
1151 713 1275 756 manum

197 788 348 866 abstinuit.
378 787 475 845 Etiam
491 785 585 844 codex
600 786 817 844 Rhenoviensis
834 784 884 844 91.
905 779 987 844 'saca
1008 785 1056 843 11.
1073 788 1170 843 totum
1184 800 1274 857 prae-

195 873 249 930 het
263 889 382 930 carmen
395 877 429 930 et
444 873 601 947 integrum.
638 869 1274 944 (1111111111111111111111111116111·
1347 933 1350 948 Ι

185 965 286 1033 ‘quam
303 957 431 1015 difficilis
444 956 483 1014 ad
494 955 684 1022 credendum,
703 973 758 1014 nec
773 955 950 1028 protulisset
962 956 1077 1028 opinor,
1091 956 1119 1022 si
1133 955 1164 1012 iu
1179 956 1274 1012 omui·

195 1043 252 1100 bus
267 1043 349 1106 libris
365 1042 526 1103 divisiones
541 1043 643 1114 hymni
659 1042 752 1096 nostri
767 1038 939 1114 legerentur
947 1041 1133 1098 coniunctae.
1166 1039 1230 1098 seu
1244 1041 1275 1096 in
1344 1041 1348 1046 “

196 1147 255 1184 non
278 1129 365 1184 nullis
390 1128 471 1183 solus
495 1129 623 1184 occurrit
637 1127 779 1199 hymnus:
803 1125 855 1180 Tu
874 1130 973 1183 asto.
1010 1125 1053 1180 At
1076 1125 1274 1209 similia'sae-

197 1216 264 1286 pius
287 1212 469 1268 acciderunt.
514 1213 662 1285 Hymnus:
695 1211 720 1267 Ο
754 1209 890 1284 grande
925 1211 1073 1268 cunctis
1101 1209 1274 1284 gaudium

197 1303 244 1360 est
267 1297 371 1358 divisio
387 1298 503 1370 hymni:
528 1298 691 1370 Optatus
713 1298 811 1354 votis
827 1296 992 1362 omnium;
1015 1295 1106 1356 nihilo
1122 1298 1221 1354 minus
1244 1297 1273 1352 in
1325 1327 1326 1330 =

196 1384 352 1442 nonnullis
368 1382 450 1441 libris
466 1383 700 1456 legitnrsolum:
726 1381 750 1438 0
767 1380 911 1454 grande
928 1383 1074 1438 cunctis
1091 1381 1272 1454 gaudium.

282 1469 310 1526 3.
335 1467 423 1536 Quod
438 1467 478 1522 ad
493 1469 648 1528 metricam
662 1468 801 1524 carminis
817 1467 963 1524 rationem
977 1467 1043 1540 ipse
1059 1466 1179 1522 Manius
1204 1483 1274 1522 con-

136 1594 144 1604 ,
198 1555 298 1620 cessit,
322 1555 353 1608 in
376 1555 470 1626 primo
494 1570 614 1629 quoque
637 1554 765 1610 carmine
788 1549 883 1616 (1.8.)
907 1551 1026 1608 obvium
1047 1568 1118 1608 essa
1140 1539 1274 1628 σφάλμα

197 1631 360 1700 metricum.
406 1637 568 1707 Praetores
590 1638 738 1696 vocalium
768 1641 930 1694 concentus
961 1637 1111 1709 reperitur
1134 1636 1163 1694 t.
1188 1635 1217 1694 7.
1243 1641 1274 1692 et

201 1726 247 1784 11.
275 1725 333 1790 12..
357 1739 412 1778 nec
435 1722 617 1796 negligenda
647 1728 694 1778 est
716 1723 863 1780 vocalium
885 1723 1060 1780 assonantia
1082 1737 1114 1779 v.v
1138 1724 1162 1778 1.
1187 1722 1217 1778 4.
1243 1721 1271 1778 5.

197 1813 288 1882 atque
312 1808 470 1866 1111119..
498 1809 544 1864 11.
572 1809 617 1866 12.
663 1808 773 1864 Contra
795 1809 824 1862 in
846 1807 957 1879 hymno
981 1805 1113 1862 secundo
1137 1825 1164 1863 v.
1190 1807 1218 1864 3.
1242 1808 1272 1873 i,

196 1911 255 1954 non
277 1894 443 1966 perfectum
474 1892 606 1949 efficiunt
635 1897 819 1949 concentum.
866 1891 990 1949 Omnino
1012 1893 1137 1950 metues
1156 1891 1273 1950 ‘discre-
1376 1911 1378 1956 1

196 1981 380 2052 paulianos
403 1993 439 2034 ca
461 1983 518 2044 est,
541 1995 620 2051 quae
643 1977 827 2051 probabilem
849 1977 948 2032 faeere
970 1981 1063 2050 queat
1085 1976 1178 2034 Monii
1202 1994 1273 2032 con·
1377 1973 1378 1976 ’

136 2122 138 2127 ,
196 2067 351 2130 iacturum,
376 2064 449 2118 alias
473 2065 597 2134 manime
621 2067 793 2136 suspectam
815 2066 906 2136 atqua
929 2061 1065 2120 debilem.
1179 2071 1182 2077 '

280 2148 388 2222 Itaque
411 2149 493 2204 etin
521 2148 568 2205 his
592 2148 808 2220 supplementis
838 2163 958 2204 carmen
986 2163 1122 2220 propono
1153 2152 1273 2220 septem
1372 2137 1378 2154 '¹

197 2233 389 2306 stropharum
410 2235 488 2288 inter
511 2249 554 2288 se¹
573 2237 643 2304 apte
665 2233 911 2292 cohaerentium:
935 2231 1098 2308 heterna
1127 2249 1192 2288 rer
1222 2233 1273 2288 al-¹

196 2319 362 2384 tissime,
393 2315 474 2390 quod
495 2319 613 2372 minime
643 2317 679 2372 ab
703 2316 860 2374 Ambrosio
891 2318 1059 2374 coniectum
1088 2322 1172 2391 puto.
1209 2317 1273 2393 Est
1341 2345 1344 2352 ·

197 2403 310 2460 saeculi
333 2403 408 2461 sexti
431 2403 480 2458 vel
503 2403 629 2475 septimi.
793 2454 801 2464 ,

280 2485 485 2547 Adscribimus
515 2488 681 2562 scripturae
710 2489 886 2544 varietatem
904 2487 1105 2550 *observatam
1134 2489 1165 2544 in
1194 2486 1271 2544 Cod.

196 2572 399 2630 Rhenoviensi
423 2571 472 2629 91.
496 2587 576 2628 saec.
600 2573 650 2628 xl.
675 2571 738 2639 (R),
770 2572 981 2646 Stephensonii
1003 2565 1065 2640 (Β),
1080 2573 1168 2630 Brev.
1194 2572 1273 2630 Con-

197 2659 386 2724 scarnensis,
416 2659 446 2714 in
466 2675 534 2733 'quo
564 2657 835 2731 legiturtantum:
859 2657 904 2712 Tu
935 2661 1000 2715 esto
1031 2653 1087 2714 etc.
1113 2656 1157 2724 (O)
1180 2658 1271 2716 Brev.

195 2741 305 2800 Aberd.
330 2741 406 2809 (Ab.)
430 2759 465 2798 ac
488 2743 581 2799 Monii
603 2740 664 2808 (Μ).
1132 2751 1135 2756 ‘

282 2829 329 2886 11.
356 2828 396 2884 Μ.
427 2828 573 2884 collata
601 2827 704 2884 Jesu.
749 2827 799 2884 23.
830 2827 870 2882 Μ.
901 2827 1114 2884 inferorum.
1143 2827 1191 2882 Ab
1221 2826 1273 2895 (ot

195 2910 307 2976 Sarisbl
331 2917 496 2968 tremunt
518 2910 699 2970 videntes.
740 2911 792 2970 26.
811 2911 845 2966 R.
864 2911 892 2967 S.
907 2912 947 2968 Μ.
969 2929 1114 2968 versam
1137 2914 1272 2980 ricem,

81 3001 85 3017 ²
195 2996 277 3070 quod
299 2995 510 3069 recipiendum.
548 2995 657 3052 Vident
671 2997 770 3070 angeli
792 2997 940 3054 fortunam
955 2997 1203 3071 mortalium-pur
1224 3016 1272 3054 re·

195 3081 380 3154 demptorem
395 3082 425 3140 in
440 3081 546 3138 melius
562 3085 715 3136 mutatam.
751 3079 800 3138 17.
816 3081 851 3136 R.
874 3086 920 3138 11.
944 3081 1024 3138 Mon.
1045 3081 1091 3140 16.
1116 3088 1147 3140 11
1163 3083 1272 3140 Τ11111.

140 3201 142 3205 s
194 3171 291 3232 esto,
316 3182 351 3224 ex
373 3166 483 3238 hymno
505 3165 597 3222 Jesu
620 3158 750 3222 nostr'a
771 3165 987 3238 redemptio.
1034 3167 1272 3241 38.M.prae-

1375 3037 1378 3104 .

194 3253 310 3305 mium.
356 3251 403 3306 die
424 3251 522 3306 rechte
543 3252 650 3311 Lesura
675 3251 753 3306 steht
774 3253 804 3308 ia
827 3251 997 3309 deneratas
1016 3252 1184 3326 Penelopia
1207 3272 1270 3310 zum
1377 3317 1378 3332 χ

193 3337 312 3408 arripere
334 3335 473 3407 Hymnus,
497 3336 606 3392 11111111
625 3336 806 3395 casdierem
836 3337 967 3392 cntlehat
989 3339 1035 3394 isi.
1081 3339 1122 3394 At
1146 3337 1271 3395 codices

193 3418 232 3474 ad
260 3437 351 3474 unum
381 3437 483 3476 omnes
513 3419 750 3493 praeditum,
782 3425 812 3476 et
840 3418 907 3476 ideo
937 3421 1099 3478 tenendum
1128 3428 1186 3480 est..
1234 3424 1272 3482 El
1377 3455 1378 3458 ¹

193 3521 265 3562 sane
288 3507 412 3564 maxime
443 3509 531 3578 aptus
560 3506 687 3560 efficit-ur
717 3520 840 3563 sensus:
863 3505 949 3564 Nunc
977 3523 994 3562 o
1018 3506 1137 3568 Christe
1167 3513 1271 3567 manet

192 3589 245 3648 tibi
262 3589 417 3663 Olympus,
442 3607 562 3663 semper
576 3591 684 3649 frueris
701 3589 825 3670 coelesti
841 3589 936 3664 gloria
959 3595 989 3646 et
1010 3587 1091 3665 regis
1107 3591 1268 3652 muudum:

191 3671 294 3747 itaque
310 3673 452 3748 gaudium
474 3677 509 3733 in'
525 3679 554 3732 te
569 3679 746 3748 perceptum
769 3679 816 3732 est
839 3675 954 3749 eritque
974 3693 1068 3754 super
1084 3693 1172 3736 omne
1196 3695 1271 3752 gau·

192 3757 272 3814 dium
294 3758 495 3822 mundanum
530 3761 624 3816 Nemo
647 3777 706 3814 non
729 3757 819 3827 videt,
842 3775 947 3818 vocem
972 3763 1186 3834 praemium
1201 3769 1271 3820 -tur-

190 3844 262 3898 bare
286 3860 361 3910 eam,
385 3861 463 3918 quae
485 3847 573 3900 inter.
585 3845 712 3918 primum
735 3849 765 3901 ct
787 3849 934 3918 quartum·
948 3846 1129 3905 versiculum
1149 3850 1270 3920 conspi-

191 3930 268 3993 citur
297 3927 557 3989 necessitudinem.
608 3929 658 3986 15.
682 3928 716 3982 R.
746 3927 804 3985 duo
833 3928 1031 3987 Monacenses
1066 3932 1112 3989 15.
1147 3928 1270 3990 11511,-

189 4018 353 4085 repente.
398 4016 453 4073 Dic
475 4016 582 4070 Lesort
604 4015 725 4069 rudente
741 4014 844 4070 beraht
864 4015 1034 4085 aancittlr.
1058 4016 1107 4083 24,
1125 4017 1173 4073 27.
1197 4019 1267 4076 Lac.

189 4099 235 4164 17,
252 4097 312 4165 21,
328 4101 445 4159 aennon
464 4101 595 4158 Christus
609 4101 663 4154 ruia
686 4101 732 4154 eia
747 4099 825 4154 Blitz
847 4098 976 4156 hammer
998 4101 1084 4166 ruir‘ck
1100 4101 1193 4158 Marc.
1219 4102 1267 4169 13,

189 4181 237 4238 16.
252 4183 445 4258 increpante,
469 4201 529 4240 avar
542 4178 624 4240 vauch
646 4183 671 4238 1.
691 4183 788 4238 Thess.
805 4183 832 4250 5,
848 4182 875 4240 3.
889 4184 932 4240 ῚΙ.
956 4185 1037 4238 Patr.
1055 4185 1083 4251 3,
1101 4187 1151 4246 10.
1177 4188 1266 4261 Apoe.

188 4266 239 4337 16,
252 4267 297 4328 15.
322 4269 481 4328 vorlommt
501 4268 562 4326 arrd
582 4270 634 4334 mil
648 4267 710 4349 dens
721 4267 820 4326 [aaa
841 4267 892 4324 des
909 4269 1014 4326 Licdcs
1029 4268 1131 4334 (corda
1146 4273 1280 4332 subleva·
