2732 5026
526 337 610 358 x.

557 425 732 500 Μ·

78 611 179 682 parta:
200 607 247 669 Ad
268 608 452 677 Nouioruos,
476 608 595 666 Corde
622 613 745 666 natus:
773 607 822 665 Ad
842 607 979 678 Laudas,
1007 609 1125 669 Cin-iste

78 692 281 768 redemptor:
304 693 353 750 Ad
375 709 485 770 parvas
514 695 621 764 horas,
652 695 854 770 Agnoscat,
885 701 918 752 ut
949 713 1047 770 supra.
1091 698 1142 754 Ius

77 779 230 853 Epiphania,
253 779 291 837 ad
313 782 466 856 vesperas
487 779 674 848 aoLaudes,
697 781 834 838 Hostis
857 780 1053 838 Herodes:
1077 782 1126 838 Ad

76 865 232 933 Nocturnas,
255 865 283 921 A
304 872 421 940 patre
442 867 689 944 unigenitus:
717 867 765 925 vel
787 853 1011 935 Ambrosianus,
1035 867 1125 924 illu·-

76 951 205 1007 ninans
232 951 469 1009 altissimus.
521 951 683 1010 Dominicis
713 952 894 1027 quotidianis
923 953 953 1008 in
983 951 1124 1022 Sabbata,

74 1036 159 1092 Deus
180 1042 353 1105 creator,
377 1039 428 1113 qui
450 1043 499 1095 est
519 1038 735 1096 Ambrosianus
758 1033 953 1112 Vesp'ertinus
978 1038 1125 1114 quotidia-

75 1137 127 1189 nus,
148 1124 228 1181 euius
250 1125 384 1180 meminit
397 1123 585 1198 Augustinus
600 1123 675 1180 libro
698 1123 727 1181 7.
746 1123 981 1205 Consentinum,
1005 1123 1146 1198 quando'

73 1224 118 1281 per
135 1225 265 1269 sonuum
287 1225 306 1264 a
320 1209 405 1266 luctu
426 1211 511 1266 anxio
534 1211 564 1266 in
593 1210 712 1266 dolores
742 1211 847 1266 mortis
873 1209 979 1266 Matris
1001 1215 1124 1284 recepto

73 1293 117 1348 init
136 1299 260 1352 auratus.
300 1295 339 1354 ut
360 1296 440 1352 huno
451 1294 596 1370 hymnum
616 1296 726 1352 lintres
741 1295 884 1362 Minores,
908 1301 940 1370 et
961 1295 1037 1352 alios
1058 1297 1125 1370 plu·

16 1413 17 1418 κ
72 1395 111 1436 res
129 1379 201 1436 male
223 1383 375 1450 omittunt,
398 1383 469 1456 quia
491 1381 681 1438 authenticus
705 1385 765 1448 est,
790 1386 820 1437 et
842 1382 967 1437 multum
988 1382 1122 1455 pulcher.

73 1461 294 1546 Adllouturnos
316 1467 346 1522 in
375 1466 500 1540 hyeme,
527 1467 650 1524 Primo
680 1465 842 1523 dierum:
871 1471 901 1523 et
927 1465 966 1524 ad
994 1466 1124 1535 Laudes,

71 1549 219 1608 Aeterue
246 1569 370 1608 rerum
400 1552 584 1621 eonditor,
609 1553 660 1628 qui
690 1554 720 1608 iu
741 1551 938 1608 Ambrosiauo
968 1555 1047 1608 omui
1077 1552 1125 1608 die

72 1633 163 1694 deitas
181 1639 211 1693 iu
232 1639 381 1712 principio
404 1637 443 1695 ad
464 1638 638 1697 Matutinus.
680 1637 757 1696 Item
779 1637 818 1694 ad
832 1639 1001 1696 Nooturuoa
1023 1640 1054 1694 in
1076 1655 1125 1694 ae·

72 1725 148 1790 stata
168 1721 283 1780 Nocte
300 1729 517 1799 surgentes:
542 1729 573 1780 et
587 1723 627 1780 ad
641 1721 771 1792 Laudes,
788 1725 881 1780 Eece
897 1725 966 1780 lam
987 1726 1125 1783 noetis.

16 1873 18 1882 Ι
70 1805 247 1871 luaeoundis
270 1809 413 1883 vesperis
436 1809 599 1878 Dominioa,
629 1811 741 1870 Lucis
763 1814 925 1878 creator.
970 1807 1058 1871 uera
1079 1825 1126 1865 se·

72 1891 210 1960 modain
239 1895 404 1955 Nooturuo.
436 1893 579 1952 Somno:
609 1896 644 1952 In
672 1895 839 1963 Laudibus,
863 1894 1048 1968 Splendor
1069 1913 1127 1969 pa·

69 1983 194 2047 ternae,
217 1981 270 2054 qui
290 1986 338 2038 est
352 1981 568 2038 Ambrosianus
583 1981 756 2054 temporalis
778 1983 808 2037 in
823 1982 882 2036 tine
896 1977 1124 2037 Matutinarum:

69 2062 96 2118 lu
114 2065 265 2139 Vesperis,
281 2066 468 2127 immense.
499 2067 587 2124 Teria
601 2069 698 2134 tertia,
722 2069 752 2123 in
767 2067 931 2133 Noetumo,
948 2066 1122 2122 Consors:

67 2147 95 2204 lu
118 2149 285 2219 mumma,
315 2152 405 2208 Ales
435 2151 522 2210 diei:
550 2151 600 2217 ‚ln
629 2153 785 2226 vesperis,
814 2151 1003 2209 Telluris:
1039 2151 1126 2208 Furia
1167 2167 1174 2181 ‘

39 2279 42 2285 .
68 2241 169 2308 quarta,
189 2238 220 2292 in
250 2237 425 2306 Noctuine,
456 2237 587 2296 Rerum
610 2243 778 2296 creator:
801 2238 835 2294 ln
862 2235 1025 2304 Laudibus,
1048 2238 1125 2293 Nor

68 2323 97 2376 et
115 2321 308 2379 tenebrae:
330 2323 365 2380 In
387 2323 538 2398 vesperis,
562 2323 668 2381 (loeli
690 2323 805 2380 Deus:
850 2323 936 2380 Foris
959 2325 1071 2398 quinta,
1095 2325 1124 2379 in

66 2404 212 2476 Nocturno,
235 2407 314 2470 Nox
335 2414 464 2466 autem.
501 2409 536 2466 In
550 2408 716 2468 Laudibus:
731 2410 805 2466 Lux
827 2425 932 2466 eone:
955 2409 990 2466 ln
1012 2410 1125 2484 Vespe-

66 2491 107 2560 ris,
127 2491 261 2567 Magne
283 2494 391 2560 Deus.
430 2495 668 2564 serranorum
682 2495 846 2564 Noeturuo,
871 2495 921 2552 Tu
943 2495 1123 2570 Trinitas:

65 2575 93 2638 lu
113 2577 274 2646 Laudibus,
306 2580 476 2638 Aeterna
504 2583 613 2638 eoeli.
657 2579 691 2637 In
714 2581 874 2655 vesperis,
901 2579 1125 2636 Plasmator.

66 2660 191 2731 dabbato,
214 2665 424 2733 inNoeturno,
449 2667 587 2724 Summe
609 2667 723 2724 Deus:
746 2667 781 2723 In
795 2665 957 2734 Laudibus,
980 2666 1126 2723 Aurora

63 2748 121 2805 iam
141 2751 305 2826 spargit.
331 2752 456 2809 -Omnes
470 2753 520 2809 isti
535 2753 638 2826 hymni
652 2753 773 2809 feriales
787 2751 921 2810 Romano
935 2753 1125 2829 usuunioam

17 2889 19 2894 .
65 2837 90 2888 et
108 2835 221 2894 boilum
236 2835 353 2894 habeut
374 2843 484 2894 uotam.
522 2839 567 2895 De
589 2840 701 2896 nostris
724 2843 826 2896 autem
838 2838 1011 2896 Alemannis
1034 2835 1127 2912 aliqui
1223 2829 1232 2839 ’

64 2920 191 2982 omittunt
211 2922 424 2991 Nocturnum,
448 2929 482 2980 ut
505 2924 714 2982 Colonieuses:
738 2925 839 3000 aliqui,
864 2925 982 2982 omissis
1004 2923 1125 2992 laudum

64 3002 178 3077 hymnis,
202 3007 406 3066 Noeturuales
429 3013 545 3084 ponunt
572 3009 611 3066 ad
631 3009 765 3078 Laudes,
797 3014 831 3066 ut
852 3008 1051 3066 Leodienses:
1076 3011 1131 3066 alli

65 3103 155 3150 onnes
182 3093 308 3150 feriales
337 3096 491 3164 omittunt,
522 3101 554 3152 et
574 3096 775 3154 Dominiosles
803 3095 963 3154 aestivales
992 3097 1022 3152 in
1043 3095 1125 3152 seriis

63 3183 199 3250 repetunt,
223 3183 262 3236 ut
282 3177 520 3240 Praediomores.
567 3181 707 3240 Seomius
737 3187 785 3239 est
813 3184 899 3257 sequi
927 3197 1040 3239 morem
1068 3181 1127 3236 Ro·

63 3275 176 3322 nanum.
211 3265 259 3322 De
283 3263 523 3342 Quadragesima
545 3273 615 3326 sunt
629 3268 740 3342 hymni,
764 3267 859 3324 Audi
881 3268 1056 3343 benigne:
1078 3265 1126 3322 Ad
1153 3307 1159 3320 Ι

62 3344 305 3419 Νοοιιιιιιοε,Ἐιι
327 3369 439 3420 more:
462 3353 496 3410 ln
511 3351 674 3422 Laudibus,
699 3355 724 3410 0
748 3354 949 3410 Nauarone.
988 3351 1126 3410 Secunda
1236 3419 1243 3428 .

63 3434 209 3506 quodem,
235 3435 289 3492 Ad
303 3437 463 3511 vesperas,
487 3439 591 3495 Nune
614 3440 779 3514 Tempus:
803 3439 837 3495 ln
859 3439 1026 3496 Nocturna:
1051 3438 1126 3495 Cla·

60 3534 125 3577 rum
146 3521 277 3580 denus:
300 3520 335 3578 In
356 3523 519 3592 Laudibus,
542 3524 616 3582 Iam
638 3525 795 3582 Christe:
820 3523 868 3580 Ad
883 3524 1125 3597 completorium,

61 3619 107 3675 per
127 3623 271 3676 mensem,
296 3608 441 3667 Christe
464 3611 526 3686 qni
548 3609 622 3668 lux:
647 3613 697 3686 qui
721 3616 768 3668 est
790 3609 1013 3667 Ambrosianus.
1045 3609 1126 3666 Alio·
1202 3683 1203 3688 η

60 3703 116 3747 rum
136 3709 194 3750 usn
217 3697 290 3750 sunt
312 3695 361 3751 alii
390 3695 492 3771 hymni
515 3695 818 3772 Quadrageslmales,
849 3695 968 3753 eumin
990 3695 1037 3752 his
1058 3709 1126 3752 raro

60 3787 125 3833 usus
146 3797 181 3836 se
205 3779 399 3838 oonoordeut.
434 3783 479 3839 De
501 3783 644 3856 passione
666 3782 704 3838 ad
718 3781 878 3856 vesperas,
902 3781 1063 3838 Vexilla:
1087 3779 1126 3840 ad

61 3857 297 3939 Comploratum,
321 3867 452 3924 Cultor
471 3868 551 3926 Dei:
576 3867 614 3924 ad
626 3868 796 3926 Nocturnos
810 3872 841 3925 et
854 3865 983 3936 Laudes,
1007 3866 1126 3942 Pange

59 3943 191 4023 lingua,
217 3953 345 4027 quia·tit
368 3953 482 4012 divisio.
526 3955 570 4030 De
593 3955 823 4014 Resurrectiono
847 3958 916 4011 suut
937 3953 1052 4027 hymni:
1076 3952 1127 4008 Ad

61 4045 203 4093 coenam
227 4040 323 4112 agni.
360 4039 408 4096 Ad
424 4040 665 4114 Completorium,
688 4040 771 4096 Iesu
786 4045 922 4096 nostra:
941 4045 972 4097 et
986 4041 1126 4096 Aurora

59 4115 145 4178 lucis
169 4139 240 4178 oum
261 4124 415 4194 versibus,
439 4127 491 4202 qui
513 4125 603 4183 dividi
631 4121 760 4200 possunt
782 4123 821 4182 ad
842 4125 1012 4183 Noetumoa
1036 4131 1066 4182 et
1088 4123 1127 4181 ad

59 4199 183 4277 Laudes,
205 4213 242 4264 ut
256 4209 369 4266 faciunt
383 4209 622 4269 Praedicatores.
660 4211 785 4268 Romani
800 4211 912 4269 habent
931 4213 961 4269 in
973 4212 1125 4268 Noeturuo

59 4292 134 4349 etin
155 4291 312 4352 Laudibus
332 4289 446 4354 'dicunt
475 4297 633 4370 hymnum,
649 4294 819 4366 Aurora,
849 4299 975 4372 integre.
1019 4298 1074 4352 Est
1096 4300 1127 4351 et

59 4372 286 4460 Ambrosianus,
316 4381 385 4439 Hie
416 4389 474 4441 est
503 4381 584 4442 dies
608 4389 731 4442 'verus
767 4384 812 4442 De
834 4383 1037 4451 Ascendere,
1067 4381 1126 4438 Te·
