2904 5028
194 643 197 650 ,
222 594 232 604 ’
255 585 342 668 Quod
364 601 395 654 et
417 563 456 655 de
477 599 637 674 postremis
659 597 795 658 uersibus
818 591 916 660 notari
936 607 1047 678 potest,
1072 621 1097 664 e.
1112 617 1154 684 gs:

233 713 267 773 In
290 732 350 792 qua
372 715 428 774 sibi
578 743 600 774 ο
709 731 711 880 1
796 721 873 779 Huic
896 741 999 782 omnes

285 801 362 858 'laus
818 809 1029 868 auscultate

233 891 280 944 est
302 891 426 944 aeterna
447 915 490 924 —-
708 916 711 986 1
794 893 898 968 populi

232 1005 389 1080 spiritales
436 1005 444 1022 ⁹
540 1041 545 1046 .
708 992 710 1078 1
737 1035 739 1042 .
858 983 1047 1072 praeceptori
1068 1009 1110 1021 -—

232 1090 434 1234 Trinoiidtril-
707 1201 709 1256 1
794 1145 820 1204 O
844 1146 929 1204 Galle
955 1197 960 1204 .

231 1295 265 1352 In
286 1297 346 1352 fine
368 1297 481 1354 sacculi
706 1257 709 1386 1
793 1232 967 1376 dilec'igo-

293 1382 359 1455 ipse
382 1399 502 1457 quoque
575 1387 597 1420 ¹-
706 1396 708 1423 l

231 1482 351 1540 semper
373 1468 412 1524 sit
433 1467 588 1526 nobiscum
610 1497 652 1507 ·-
706 1447 708 1486 1
791 1487 943 1546 Nunc't
900 1493 943 1546 mt
944 1507 977 1546 er
998 1491 1133 1566 inclytas

230 1583 333 1642 Amice
791 1577 956 1648 martyrum
977 1592 1148 1649 purpuras

293 1669 405 1729 christi
810 1717 814 1740 1
855 1675 998 1718 coruscas
1021 1665 1182 1723 coronatus
1193 1689 1233 1702 -

229 1755 356 1813 Ioannes
378 1785 420 1794 -—

790 1827 834 1886 Te
857 1845 929 1888 crus
950 1829 1083 1888 associat

791 1918 822 1970 te
843 1931 915 1972 vero
938 1913 1056 1990 gladius

855 2004 996 2057 cruentus
1032 2001 1123 2058 mittit
1153 2001 1237 2060 chri-

684 1652 707 1794 1

229 1873 303 1932 Ρο01
328 1882 454 1934 mortem
703 1768 747 1892 1

291 1961 396 2020 melius
420 1967 487 2020 'cum
510 1981 546 2021 eo

227 2046 360 2104 victuros
683 1967 732 2192 1

228 2131 314 2222 1111110
337 2163 417 2222 diem
703 2201 705 2306 1

703 2307 705 2404 1

291 2251 455 2326 gloriosum

227 2335 324 2392 fecisti
345 2364 389 2372 -

704 2251 788 2329 (qui
819 2253 952 2313 eiusdem
989 2261 1058 2313 sunt
1092 2257 1233 2326 normae).

213 2453 289 2512 ·.Sed
310 2455 503 2514 aeternaliter

292 2591 359 2632 cum
381 2545 495 2633 eisdem

293 2661 421 2718 catervis

228 2749 327 2802 tecum
350 2747 388 2803 sit
409 2746 534 2803 Domine
556 2771 600 2785 -
712 2781 714 2784 v
739 2811 743 2826 1

161 2881 211 2940 rel
233 2881 429 2951 elaboratior,
459 2888 493 2940 ut
516 2899 605 2959 quem
627 2881 715 2970 apud¹
730 2880 863 2941 Monium
891 2884 994 2960 legere
1018 2892 1084 2956 est„
1112 2903 1231 2946 versus:

467 3001 547 3077 Ergo
569 3004 777 3078 persolvamus

520 3091 633 3164 gratias
655 3089 719 3146 Deo
741 3091 821 3163 patri

468 3175 519 3250 qui
541 3192 597 3232 nos
620 3173 805 3232 cohaeredes

517 3259 631 3318 lecerat
654 3259 765 3317 Ohristi
789 3261 835 3318 sui

589 3351 620 3402 et
641 3345 769 3420 prodigo
947 3337 951 3347 ’

518 3431 563 3486 sui
586 3432 741 3506 sanguinis
765 3429 884 3488 Christo

550 3507 555 3524 '
589 3515 710 3590 Spiritui

517 3617 637 3676 quoque
660 3600 758 3658 cordis
780 3602 897 3658 unctori

589 3685 754 3744 iubilemus.

244 3838 321 3907 Sed,
351 3844 384 3896 ut
406 3856 510 3897 verum
531 3839 643 3907 fatear,
674 3855 711 3896 ne
733 3841 775 3897 ita
798 3838 918 3915 quidem
948 3855 1050 3895 omnes
1073 3829 1179 3895 versus
1201 3840 1231 3896 in

77 3933 82 3946 '
159 3923 294 3982 ordinem
314 3923 412 4001 redigi
434 3930 571 4000 possunt,
594 3926 646 4000 qni
669 3930 708 3992 et,
731 3930 765 3981 ut
787 3927 853 3998 ipse
875 3925 985 3982 fatetur
1007 3923 1139 3998 Monius‚
1170 3939 1232 3980 ma*

158 4011 221 4068 1010
242 4009 378 4086 indigent
399 4011 468 4067 lucc
484 4016 514 4068 et
529 4011 645 4084 peritia.
690 4009 771 4066 Inter
786 4009 842 4066 hos
858 4014 977 4068 exstant
991 4011 1121 4066 sortasse
1136 4009 1230 4076 multi,
1323 4004 1328 4021 '
1429 4009 1430 4016 '

158 4096 210 4170 qui
232 4094 352 4172 indocte
376 4097 493 4171 scripti,
518 4096 735 4170 corruptissimi
758 4094 797 4152 ad
819 4112 873 4151 nos
896 4099 1048 4152 venerunt.
1092 4094 1156 4150 Nec
1178 4095 1231 4149 rni-

79 4239 82 4248 ,
157 4197 236 4248 rum;
273 4199 365 4256 quum
394 4181 500 4237 harum
529 4182 614 4256 leges
638 4181 861 4256 sequentiarum
890 4181 999 4238 multos
1030 4181 1120 4236 etiam
1135 4177 1230 4234 ²medii

158 4267 225 4323 aevi
248 4267 412 4340 scriptores
434 4267 554 4341 penitus
584 4267 733 4322 latuerint.
771 4263 946 4322 Iamdudum
969 4265 1106 4332 vidimus,
1129 4263 1229 4318 (llich-

157 4355 297 4412 tomeun
312 4361 371 4408 ‘eas
394 4351 481 4408 nullis
505 4353 600 4408 teneri
614 4351 741 4407 uinculis
762 4349 938 4408 credidisse:
981 4351 1009 4406 S.
1026 4343 1228 4422 ntrusgans,
1329 4379 1332 4386 ,
