2788 5024
248 636 295 695 14.
318 636 407 694 Alma
429 635 540 710 gaudia
562 651 641 712 quse
660 640 734 693 sunt
754 636 852 712 plena.

250 721 297 779 15.
320 721 366 779 sir
388 723 453 778 Deo
473 722 550 789 laus,
573 723 678 790 honor,
702 725 733 778 et
754 721 888 781 iubilatio
912 725 1006 788 casta,
1295 800 1299 804 .

249 805 295 864 16.
321 805 379 876 Qui
400 813 509 908 regnat
530 825 585 881 per
607 809 706 865 omnia
728 807 915 864 saeculorum
938 805 1072 863 saecula:
1096 805 1191 862 Amen
1211 802 1294 862 dicant

397 911 504 950 omma.

332 1096 404 1155 683.
448 1087 678 1167 [Iocundelur
714 1087 752 1152 in
788 1085 929 1174 affectu.
973 1095 1017 1154 De
1054 1115 1113 1154 uno
1143 1095 1297 1170 Martyre.

244 1181 400 1238 Ecclesiol.
424 1181 485 1240 CII.
509 1177 570 1238 lun.
597 1182 678 1240 1854
700 1201 727 1256 p.
755 1181 814 1242 162
837 1200 853 1238 0
875 1182 991 1243 Missali
1013 1177 1200 1257 Upsaliensi.]

247 1304 271 1360 1.
284 1301 465 1358 locundetur
488 1318 522 1356 ex
546 1301 655 1357 affectu
785 1301 811 1360 3.
824 1301 953 1358 Calicem
976 1304 1116 1360 tormenti
1137 1301 1244 1369 bibens,

287 1387 404 1444 Chorus
427 1392 531 1444 noster
552 1387 582 1442 in
606 1389 769 1460 conspectu
826 1385 922 1458 Quem
935 1385 1062 1456 donasti,
1079 1387 1206 1456 Christe,
1220 1387 1296 1446 liseur

287 1472 425 1528 Summae
449 1473 516 1528 cosli
539 1470 650 1540 curiae,
826 1471 886 1530 Per
907 1477 938 1530 te
960 1474 1055 1532 vitam
1074 1469 1215 1541 reddidit;

285 1557 406 1614 Laudes
429 1558 493 1614 Deo
517 1556 705 1616 decantando
827 1557 924 1616 Corde
947 1559 1001 1618 tibi
1023 1561 1193 1634 mancipato

284 1643 510 1718 Martyremque
534 1641 732 1700 collaudando
825 1643 1020 1720 Corporeque
1044 1641 1203 1720 subiugato

285 1727 530 1804 Triumphantem
551 1727 651 1796 hodie,
823 1729 921 1791 Vitam
945 1727 1160 1806 superaddidit.

243 1849 271 1910 2.
281 1850 379 1906 Vitam
401 1847 532 1922 perdens
556 1851 750 1923 conservavit
781 1850 809 1908 4.
820 1849 933 1906 Mundo
957 1867 1078 1908 carnem
1100 1851 1187 1927 liquit
1200 1849 1296 1913 foenus,

284 1934 317 1992 ln
339 1935 397 1990 hoc
421 1933 545 2002 mundo,
569 1951 624 1991 nec
648 1936 779 1994 servavit
823 1935 998 1993 sanctitatis
1021 1953 1113 1994 sensu
1135 1936 1245 2010 plenus,

284 2020 329 2090 Ne
353 2025 504 2079 servatam
526 2019 680 2094 perderet3
823 2021 887 2078 Nec
909 2021 998 2081 huius
1022 2039 1076 2096 spe
1098 2023 1240 2087 trahiturs

284 2107 429 2162 Vitiorum
451 2105 649 2180 triumphator
825 2107 901 2162 Hinc
923 2107 1098 2182 linquuntur
1120 2109 1252 2186 uniuersa

283 2192 390 2248 Mortis
412 2192 510 2248 factus
535 2197 582 2248 est
604 2197 727 2258 amator,
823 2191 871 2248 Nil
893 2209 1038 2265 possesso
1061 2193 1103 2253 nil
1127 2192 1244 2250 detersa
1340 2217 1343 2236 ι

284 2277 324 2334 Ut
345 2295 400 2351 per
421 2281 547 2335 mortem
569 2279 709 2334 vinceret.
824 2278 886 2351 Spe
906 2277 1023 2340 fruendi
1045 2279 1165 2338 vivituro

475 2397 502 2455 5.
516 2397 633 2470 Martyr
654 2411 708 2470 pro
732 2412 791 2470 quo
815 2395 986 2465 decertasti,

422 2501 423 2504 ¹
516 2484 554 2539 Et
576 2501 635 2558 quo
660 2482 738 2540 duce
761 2483 961 2559 triumphasti,

515 2569 608 2624 Nobis
631 2567 720 2642 placa
741 2569 897 2642 precibus;

515 2654 556 2710 Ut
579 2658 754 2710 transcurso
776 2655 856 2711 vitae
878 2655 952 2710 mari

515 2739 685 2796 Mereamur
711 2739 852 2796 collocari

512 2825 611 2882 Sacris
635 2825 711 2904 coeli
729 2814 865 2883 'sedibus

329 3097 399 3156 684.
424 3085 667 3168 [Laetabultdi
701 3067 902 3156 iubilemus,
939 3099 972 3154 ln
1003 3098 1159 3155 Communi
1184 3093 1297 3165 Marty-

239 3201 326 3240 rum.
371 3182 487 3238 Neale
525 3182 593 3256 Seq.
617 3173 747 3260 ps2122¹
770 3201 786 3240 e
808 3183 982 3242 Missulibus
1020 3183 1202 3243 Pictaviensi
1224 3176 1295 3238 1511.

238 3269 269 3326 P.
294 3267 479 3324 Xantonensi
505 3267 587 3326 1429
611 3273 641 3324 et
663 3265 876 3344 Andagavensi
903 3268 985 3330 1523
1010 3267 1055 3338 4.]

243 3424 268 3479 1.
281 3421 469 3480 laetabundi
491 3420 664 3478 iubilemus:
783 3423 810 3480 3.
825 3423 951 3483 Crucem
974 3423 1029 3482 sibi
1050 3423 1224 3488 balniantes,

283 3509 380 3571 Laeta
401 3513 501 3566 mente
525 3506 710 3584 celebremus
825 3507 896 3566 Sola
919 3526 1008 3568 cruce
1031 3509 1206 3584 gloriantes,
1235 3537 1240 3552 ⁸

273 3611 278 3622 ¹
325 3595 493 3668 Martyrum
515 3593 687 3650 sollemnia:
868 3593 982 3652 Audita
1004 3597 1168 3654 sententia:

283 3679 339 3749 Qui
361 3682 392 3735 in
415 3677 524 3736 mundo
546 3679 721 3745 morientes,
828 3679 859 3736 Si
882 3681 949 3754 quis
971 3685 1042 3753 post
1063 3697 1114 3744 me,
1129 3679 1193 3741 vult
1206 3673 1294 3734 venire,
1360 3673 1361 3710 3

284 3763 344 3820 Sed
366 3766 396 3820 in
419 3765 539 3821 Christo
562 3766 757 3820 renascentes
823 3764 923 3822 Tollat
946 3765 1086 3831 Crucem,
1101 3755 1137 3822 ¹si
1157 3761 1248 3820 redire

324 3849 396 3904 Eius
419 3851 523 3908 vivunt
546 3850 651 3922 gratia.
815 3899 819 3904 .
865 3850 937 3908 Vult
959 3849 999 3908 ad
1021 3850 1099 3908 coeli
1117 3846 1233 3926 ganda

240 3967 267 4025 2.
278 3967 372 4024 Cuius
395 3972 490 4026 testes
513 3969 700 4035 exstiterunt,
781 3969 809 4028 4.
823 3969 873 4026 Sic
895 3969 1081 4044 permultas
1103 3969 1251 4044 passiones

281 4053 359 4108 Dum
381 4053 530 4110 mundana
552 4059 741 4127 respuerunt,
822 4052 870 4112 Ad
892 4061 1030 4112 aeternas
1057 4055 1222 4112 mansiones

327 4137 511 4207 Quaerendo
534 4139 695 4195 coelestia:
868 4139 999 4198 Gloriosi
1020 4154 1168 4215 proceres-

283 4219 379 4290 Quem
402 4222 441 4279 ad
463 4229 590 4280 mortem
613 4223 780 4280 dilexerunt
822 4223 1028 4282 destinabant:
1053 4225 1107 4282 sed
1128 4224 1156 4281 in
1177 4221 1222 4281 tia

283 4307 441 4376 Christum,
466 4311 553 4384 sequi
574 4307 733 4367 voluerunt
822 4309 944 4385 Experti
968 4315 1038 4368 sunt
1059 4307 1192 4372 ludibria,

322 4393 382 4450 Per
403 4397 508 4452 mortis
531 4394 716 4469 compendia.
863 4395 989 4453 Vincula
1011 4401 1046 4453 et·
1065 4405 1204 4454 carceres.
1261 4405 1263 4412 ’

335 4511 337 4515 -
990 4493 1000 4512 ’·
1253 4485 1262 4531 r
