2822 5026
286 543 291 552 Ι
408 537 896 750 Prol'agomena.

14 851 63 904 „s
116 793 311 902 Scriptores
333 825 403 890 tare
425 826 549 904 ubique
571 839 688 888 omnes
716 827 745 888 si
771 843 812 888 ex
834 841 898 888 usu
920 826 1102 903 antiquitus
1125 831 1189 888 tra-

14 915 51 1004 )
116 929 184 992 dito
206 930 270 992 hoc
292 915 433 1002 iaciunt,
470 935 521 1002 ut,
560 945 659 1006 quem
682 930 822 1006 quisque
852 929 885 990 in
908 929 1017 988 lucem
1040 929 1188 993 editurus

14 1005 56 1172 lq
117 1035 169 1094 est
190 1031 327 1103 librum,
365 1047 441 1092 eum
463 1030 519 1092 vei
539 1031 681 1093 utilitate
710 1031 900 1107 argumenti
929 1031 1071 1092 maxime
1102 1047 1189 1094 oom-

35 1125 58 1226 †
117 1133 326 1205 mandatum,
363 1133 416 1195 vel
446 1132 488 1194 ob
518 1149 729 1196 communem
758 1133 931 1194 hominum
952 1134 1189 1194 necessitatem

35 1249 64 1310 ξ
115 1234 240 1299 dudum
258 1234 497 1318 (desideratum
516 1235 709 1310 prasumat:
754 1251 821 1298 non
855 1235 1019 1322 immerito
1055 1250 1189 1312 sperare

41 1343 72 1433 α’,
116 1341 252 1412 egomet
273 1337 358 1399 mihi
372 1336 493 1410 videor,
516 1337 594 1410 ihre,
618 1343 654 1398 ut
674 1353 734 1400 eae
749 1353 879 1410 causae,
902 1353 987 1414 quae
1003 1339 1045 1400 ad
1060 1338 1189 1400 edenda

43 1459 71 1518 ς)
116 1438 280 1501 Thesauri
303 1437 539 1514 Supplamanta
562 1457 617 1502 me
639 1439 820 1516 adegerint,
842 1441 968 1500 nemini
990 1440 1123 1515 longius
1139 1455 1188 1500 re-
1232 1473 1234 1478 ,

115 1541 241 1618 petitae
278 1540 454 1604 videantur
490 1546 548 1604 aut
584 1541 795 1604 artificiosius
830 1546 1014 1603 exornatae.
1058 1541 1190 1604 Etenim

115 1643 259 1719 primum
282 1659 375 1706 amor
397 1643 452 1706 'ule
476 1644 662 1706 carminum
680 1645 803 1706 veteris
827 1645 987 1706 ecclesiae
1001 1645 1035 1702 in
1051 1659 1189 1706 menon

14 1795 16 1832 ,
115 1749 247 1806 tantum
268 1746 460 1820 permansit,
483 1745 542 1808 sed
565 1747 667 1823 etiam
686 1747 833 1818 increvit
855 1751 891 1808 ut
907 1747 1059 1809 desinere
1074 1747 1108 1809 iu
1123 1745 1188 1807 iilis

117 1847 288 1912 deuorare
310 1864 481 1924 nunquam
502 1849 675 1924 potuerim,
699 1866 738 1910 aa
759 1865 848 1910 nunc
863 1849 994 1924 cupiam
1007 1849 1189 1924 provectio-

116 1950 161 2012 ris
185 1965 319 2026 quoque
340 1950 460 2014 aetatis
481 1949 624 2012 fructum
648 1951 714 2012 aris
737 1951 856 2012 iisdem
880 1966 1089 2022 consecrare,
1120 1949 1188 2026 qui·

117 2052 179 2111 hus
202 2051 453 2129 quatuordecim
475 2053 596 2114 abhinc
618 2053 714 2114 annis
738 2053 848 2114 studia
869 2053 1026 2114 dedicavi.
1070 2053 1107 2114 In
1123 2067 1188 2129 quo

125 2153 243 2215 simeo
267 2153 380 2216 animo
402 2155 528 2230 potius,
566 2173 665 2234 quam
688 2159 872 2216 ceterorum
899 2154 1091 2216 necessitati
1113 2171 1189 2217 con-

107 2255 225 2346 'suiere
247 2255 345 2316 multi
367 2273 421 2315 me
445 2257 642 2331 existiment,
665 2257 689 2318 ii
701 2257 921 2330 meminerint
944 2257 1032 2320 hune
1047 2271 1188 2334 poeseos

117 2357 364 2424 ecclesiasticae
386 2375 542 2434 amorem,
566 2359 799 2435 cumprimum
815 2361 1006 2422 Thesaurus
1028 2360 1063 2422 in
1079 2359 1189 2422 lucem

115 2460 253 2536 prodiit,
274 2461 572 2542 angustiatinibus.
595 2443 894 2547 ciruumscrip,trrm,
916 2478 1005 2522 nunc
1026 2478 1086 2537 per
1107 2460 1189 2524 mui-

94 2559 231 2625 'torum
249 2563 380 2624 anmoa
403 2564 471 2624 late
492 2553 648 2640 regnare,
684 2546 876 2654 etprdinde
899 2563 1084 2624 doctrinam
1106 2563 1189 2627 chri-

116 2645 262 2727 stian'am
281 2665 461 2740 plurimum
482 2665 663 2742 profecisse
687 2667 720 2728 in
736 2649 927 2742 retege'ndis
944 2657 1189 2741 divitiisregio-
1221 2747 1225 2755 ι
1294 2685 1297 2688 ·

116 2768 182 2839 uis,
214 2767 313 2828 'onius
345 2781 451 2831 venas
484 2773 562 2830 ante
596 2769 659 2831 hos
693 2769 884 2847 quindecim
904 2783 1011 2830 annos
1034 2786 1055 2828 a
1073 2769 1189 2845 paucis

116 2870 279 2935 duntaxat
307 2870 379 2933 erui
409 2875 543 2946 coaptas
573 2865 777 2934 videbamus.
822 2871 910 2948 Opes
940 2873 1003 2934 hac
1032 2871 1067 2930 in
1095 2875 1190 2955 parte

115 2971 227 3034 adhuc
257 2971 399 3038 effossas
428 2976 465 3032 ut
494 2973 634 3038 dirersis
664 2973 746 3035 locis
776 2974 931 3035 collectas
961 2974 995 3034 in
1018 2974 1189 3036 Thesauro

14 3087 16 3100 ’
116 3079 232 3138 nossa
255 3073 505 3150 deponeremus,
528 3075 611 3140 haee
627 3077 853 3138 additamenta
867 3076 1080 3148 instituimus,
1104 3091 1189 3152 quae

118 3176 253 3254 quidem
287 3176 399 3242 multis
432 3192 499 3238 non
535 3178 667 3254 ingrata
702 3177 812 3245 futura
849 3193 924 3238 asse
960 3193 1027 3240 non
1063 3182 1189 3238 temere

117 3293 299 3354 speramus.
346 3329 348 3338 .
880 3325 885 3338 ,

201 3381 251 3443 Ex
272 3381 346 3456 ipsa
368 3398 404 3442 re
427 3386 577 3458 apparet,
601 3383 776 3445 materiam
799 3382 1110 3459 supplementorum
1132 3398 1190 3444 ne-

118 3483 266 3550 cessario
298 3497 374 3546 esse
406 3499 530 3560 genere
561 3485 734 3560 duplicem.
777 3485 928 3564 Narnque
960 3488 1057 3555 erant,
1085 3489 1119 3545 et
1147 3485 1189 3547 iis

116 3584 265 3659 hymnis,
304 3600 388 3663 quos
420 3586 569 3663 integros
606 3587 641 3648 in
673 3592 751 3648 tom.
774 3587 796 3648 1.
824 3591 859 3648 et
881 3589 917 3650 ΙΙ.
946 3588 1189 3664 proposuimus,

116 3687 350 3762 supponenda,
389 3705 486 3770 quse,
503 3689 580 3754 inde
610 3689 652 3750 ab
675 3689 731 3751 illo
754 3694 904 3766 tempore
920 3691 980 3750 -uel
1001 3691 1191 3754 criticorum

115 3789 171 3851 rel
194 3790 411 3866 interpretum
435 3792 523 3858 othris
545 3791 729 3869 studiisque
753 3793 794 3852 ad
817 3793 954 3854 eosdem
975 3794 1190 3856 illustrandos

114 3891 360 3968 prolatarum
384 3897 417 3960 st
439 3894 545 3960 multa
566 3911 652 3954 nora
674 3894 834 3969 addenda
857 3901 957 3970 prout
970 3913 1121 3976 quaeque
1137 3898 1190 3958 vel

115 3995 309 4054 necessaria
331 3995 385 4056 rel
407 3997 581 4059 commoda
602 3997 807 4060 videbantur.
851 3997 916 4058 Sed
938 3999 1001 4060 hac
1024 4000 1065 4060 de
1085 4017 1121 4060 re
1137 4015 1190 4060 oo·

114 4095 245 4171 piosius
268 4097 499 4173 exponendum
523 4103 581 4161 est.
625 4101 662 4160 In
685 4093 846 4162 Thesami
868 4103 930 4163 voi.
945 4103 966 4164 Ι.
987 4103 1024 4165 ΙΙ.
1045 4103 1191 4175 carmina

114 4189 180 4264 882
195 4203 275 4266 sunt
288 4201 463 4273 recensita,
487 4200 546 4264 sad
562 4218 602 4263 ex
616 4203 670 4264 his
687 4204 867 4266 multorum
883 4205 977 4268 initia
991 4211 1122 4268 tantum
1137 4206 1190 4279 rei

116 4297 307 4376 fragmenta
328 4303 482 4368 exhibita.
527 4304 620 4378 Quae
646 4305 780 4383 quidem
808 4325 864 4370 res
886 4301 988 4386 quum
1010 4309 1189 4370 multorum

117 4400 249 4470 iudiciis
271 4405 384 4470 minus
408 4405 582 4472 commoda
603 4408 795 4486 rideretur,
809 4427 877 4474 non
899 4411 999 4474 nuliis
1023 4409 1123 4472 etiarn
1141 4409 1189 4470 in*
