2904 5028
142 976 198 1046 nc
225 973 444 1064 Sequentiis
470 975 521 1044 ad
545 971 589 1044 V
607 971 656 1044 cl
680 959 945 1044 Hermannum
961 973 1218 1050 Malberturn

142 1075 280 1148 Daniel
291 1075 465 1168 Epistola
482 1073 631 1153 critica.
668 1075 840 1146 Auctore
858 1075 1002 1146 Ioanne
1019 1075 1070 1146 Μ.
1085 1073 1217 1194 ιιιιιιι,

146 1179 214 1250 A
236 1179 295 1267 Μ,
311 1175 514 1250 Ecclesiae
531 1173 774 1266 Anglicanae
793 1163 1008 1278 Sacerdote,
1034 1163 1193 1266 collegii
1228 1263 1230 1267 Ι

440 1275 720 1430 Sackvillensis
746 1259 919 1350 Custode.

228 1471 312 1528 Petis
335 1488 353 1526 a
376 1487 433 1536 me,
456 1469 508 1526 Vir
529 1469 614 1524 Doct
595 1469 708 1524 tissime
736 1472 767 1524 et
789 1467 992 1535 Amicissime,
1022 1471 1056 1524 ut
1079 1483 1157 1542 quae
1180 1464 1217 1524 dc

40 1553 44 1559 ’
144 1556 315 1632 Sequentiis
339 1557 370 1612 in
385 1554 562 1612 collectione
577 1569 596 1608 a
617 1567 664 1610 me
686 1557 756 1610 ante
772 1558 900 1628 quatuor
916 1569 1009 1608 annos
1029 1551 1110 1608 edita
1131 1564 1217 1625 prae·

144 1643 226 1698 fatus
247 1643 363 1710 fuerim,
389 1656 425 1695 ea
446 1643 480 1694 ιιι
494 1655 619 1714 possum
640 1639 775 1694 auctiora
795 1653 891 1695 novae
907 1639 951 1692 tui
973 1639 1071 1710 operis
1095 1635 1217 1694 editioni

144 1725 340 1801 praefigenda
361 1726 486 1782 mittam.
520 1723 598 1782 Sane
612 1724 642 1780 iu
664 1723 725 1780 hoc
744 1741 812 1799 uno·
825 1721 968 1780 iudicium
989 1727 1073 1778 tuum
1095 1726 1126 1778 et
1148 1737 1218 1778 acu-

78 1825 97 1862 ,’
143 1829 211 1870 men
234 1810 448 1868 desiderabunt
469 1809 613 1876 lectores,
641 1810 692 1886 qui
715 1813 798 1866 tanto
822 1807 1044 1882 praestantiora
1071 1808 1137 1880 ipse
1168 1804 1219 1862 de·

143 1913 281 1970 promere
302 1913 342 1970 po
345 1901 400 1953 t.es
446 1893 507 1952 Sed
529 1895 669 1968 quoniam
691 1894 809 1952 ambo
802 1911 832 1948 m
855 1892 903 1950 his
927 1891 1050 1958 studiis,
1072 1892 1173 1948 licet
1166 1909 1219 1948 rm-

142 1983 209 2055 pen
231 1997 384 2048 successu,
407 1978 623 2046 laboravimus,
654 1995 710 2034 nec
738 1982 915 2062 pergratum
941 1977 1013 2033 mihi
1035 1994 1095 2032 nou
1116 1979 1218 2048 potest

54 2107 63 2114 -
143 2083 222 2134 esse,
245 2067 275 2122 in
299 2079 400 2159 opere,
424 2069 506 2144 certe
528 2069 599 2138 post
621 2081 675 2120 nos
701 2065 827 2130 victuro,
852 2063 990 2136 exiguum
1019 2061 1091 2118 mihi
1120 2061 1219 2116 locum
1270 2137 1273 2142 .

143 2150 308 2210 vindicare:
332 2137 566 2224 experimentum
593 2149 716 2216 faciam,
747 2165 784 2204 an
807 2145 920 2222 aliquid
949 2163 966 2202 ι
996 2147 1112 2204 scriniis
1134 2146 1218 2211 meis,
1247 2147 1254 2162 “

144 2235 225 2311 quod
247 2241 299 2292 tuo
322 2238 361 2292 sit
383 2237 464 2302 usui,
489 2251 663 2308 expromere
686 2235 809 2309 possim
854 2231 889 2288 Id
911 2248 1003 2288 uuum
1024 2230 1163 2298 obsecro,
1184 2235 1219 2288 ut

144 2320 288 2396 quicquid
310 2320 347 2378 de
369 2321 427 2376 hac
446 2337 480 2376 re
503 2319 641 2387 scribam,
658 2319 694 2378 ab
717 2319 837 2376 homine
851 2335 919 2374 cum
934 2317 1059 2376 maxime
1079 2316 1147 2373 aliis
1169 2331 1220 2373 oc

144 2412 253 2480 eupato
293 2405 500 2482 distractoque
538 2406 684 2479 negotiis,
724 2403 806 2479 quod
841 2405 907 2477 ipse
946 2403 1021 2469 seis,
1051 2401 1220 2475 profectum

145 2508 214 2549 esse
236 2493 415 2548 memineris.

142 2635 144 2642 ,
228 2577 273 2633 De
289 2577 460 2652 Sequentiis
482 2575 614 2632 breviter
630 2574 756 2641 dicturo,
779 2575 906 2648 primum
929 2572 966 2628 de
982 2588 1085 2628 earum
1107 2571 1220 2646 origine

144 2661 353 2736 inquirendum
376 2666 438 2728 est;
462 2660 531 2718 dem
543 2657 591 2716 ‘de
607 2676 781 2734 progressu,
805 2657 1025 2724 additamentis,
1049 2656 1218 2730 generibus,

144 2747 331 2815 auctoribus,
360 2747 565 2820 antiquatione
603 2744 716 2818 aliquid
751 2743 949 2800 statuendum.
1002 2743 1066 2798 Iam
1092 2740 1161 2800 inde
1185 2757 1220 2800 ox

144 2833 358 2906 antiquissimis
386 2831 573 2904 temporibus
610 2829 641 2885 id
669 2831 699 2885 in
721 2847 779 2885 usu
807 2829 962 2886 Ecclesiae
991 2828 1116 2884 Latinae
1147 2831 1220 2892 crat,

143 2921 178 2972 ut
200 2919 278 2973 inter
292 2917 460 2990 Epistolam
475 2921 507 2972 ιι
520 2915 724 2988 margolium,
749 2919 833 2972 extra
847 2914 965 2979 ieiunia,
982 2910 1131 2970 Graduale
1155 2925 1223 2969 curn

143 3002 273 3058 Alleluia
303 3001 464 3058 diceretur.
518 3001 648 3058 Robrica
678 3000 812 3056 Missalis
848 2997 1094 3056 Sarisburie'nsis:
1125 2997 1223 3075 „Dum

143 3087 274 3144 Alleluia
288 3089 415 3154 canitur,
439 3085 498 3144 duo
522 3085 559 3142 de
584 3086 732 3158 superiori
752 3084 849 3159 gradu
871 3083 910 3140 ad
931 3083 1093 3140 Alleluia
1114 3081 1223 3138 decan·

131 3171 270 3248 ,tendum
293 3173 398 3245 cappis
421 3173 525 3230 sancis
549 3188 582 3228 se
604 3170 730 3228 induant
760 3175 791 3228 et
821 3169 860 3226 ad
888 3161 1055 3243 pulpitum“
1070 3165 1222 3240 (Anglioez

144 3255 246 3314 Rood-
245 3257 311 3324 lost,
335 3257 528 3314 Germanice:
551 3256 623 3312 Lett
611 3254 687 3322 tner)
701 3273 776 3330 „per
791 3254 920 3310 medium
933 3253 1056 3311 chorum
1076 3249 1223 3308 incedant.

143 3343 231 3400 Dicto
255 3357 327 3400 vero
344 3341 549 3398 Gradualiu
565 3346 773 3418 --sequatur
789 3340 960 3396 Alleluia.
1007 3337 1123 3394 Chorus
1145 3323 1225 3394 idem
1285 3381 1288 3386 .
1345 3377 1348 3380 -

144 3431 325 3500 ιιιιιιιιι
350 3431 553 3502 prosequatur
576 3443 644 3482 cum
665 3418 889 3500 ιιιιιιιιιιιι.ιι
927 3424 974 3480 ιιι
989 3421 1146 3478 Belethus.
1172 3419 1226 3491 ,ιιι

144 3514 234 3595 huius
255 3513 316 3568 fine
337 3513 583 3578 neumatizamus,
606 3511 637 3568 id
660 3517 708 3568 est
716 3553 724 3578 ,
746 3509 919 3577 iubilemus,
944 3507 1013 3564 dum
1040 3509 1130 3563 linem
1157 3521 1227 3579 pro

144 3597 291 3656 irruimus
324 3603 356 3654 et
378 3599 406 3655 ei
428 3597 512 3657 velut
534 3594 661 3654 caudam
690 3589 905 3670 accingimus.“
950 3592 1037 3655 Hunc
1061 3591 1176 3648 scilieet
1195 3590 1227 3646 iu
