2822 5026
603 431 645 512 ii

392 614 517 690 Inqto,
541 614 724 690 Redemptor
744 615 867 682 saeculi,

330 699 370 756 10
391 699 458 757 Non
479 705 535 756 nos
558 703 587 756 in
608 703 653 758 ira
674 717 795 776 arguas,

347 786 352 794 “
394 783 454 842 Sed
476 803 494 841 a
517 787 644 843 sinistris
662 786 793 844 liberans

392 869 424 926 ln
448 869 578 928 dexteris
600 889 656 928 nos
679 871 817 928 colloces.

243 1079 447 1167 Perfectum
469 1085 597 1150 trinum
619 1101 812 1148 numerum.
868 1081 906 1149 0.
934 1081 1000 1151 m.

357 1184 362 1190 ’
404 1183 488 1236 Thea.
506 1181 528 1236 Ι.
545 1201 571 1252 p.
591 1185 631 1236 tt.
654 1183 700 1235 Ad
717 1181 832 1238 Nonam.

164 1295 398 1354 Cod.‘Rhenov.
423 1297 472 1354 91.
490 1313 583 1362 saec.
606 1296 655 1352 XI.
701 1299 726 1354 1.
755 1297 1057 1370 perfecto-trino
1097 1319 1155 1357 nu-

64 1399 181 1449 mero.
224 1382 361 1456 Utraque
388 1381 478 1440 lectio
504 1383 573 1438 ferri
602 1387 713 1456 potest.
767 1382 797 1438 Si
819 1385 972 1457 praeferas
995 1385 1153 1443 Accusati-

83 1485 160 1536 vum,
189 1467 240 1524 hic
265 1485 371 1524 sensus
392 1469 539 1542 aperitur:
578 1467 747 1524 Perfectum
769 1469 878 1524 trinum
900 1487 1054 1528 numerum
1083 1469 1155 1528 dici·

83 1570 143 1610 mua
167 1553 288 1610 Nonam
311 1558 342 1610 et
363 1554 519 1626 psallimus
542 1557 598 1610 etc.
965 1541 976 1559 '

459 1765 517 1834 Ad
533 1709 690 1836 Nouam.
736 1765 775 1833 B.

389 1895 501 1954 Exaudi
523 1915 630 1972 preces
654 1899 782 1953 omnium

390 1981 474 2038 Nona
495 1983 570 2038 hora
592 1985 748 2050 orantium,

388 2067 421 2124 In
444 2085 503 2142 qua
526 2067 644 2126 Christe
669 2067 836 2124 Cornelium

388 2153 521 2210 visitasti
543 2172 598 2227 per
619 2154 778 2228 Angelum.
845 2151 848 2158 ’

389 2236 445 2306 Qui
467 2256 577 2314 regnas
600 2242 630 2296 in
654 2240 763 2296 secula.

517 2370 561 2376 ‚w
573 2361 718 2373 ,,.-.-.--

351 2445 520 2516 Conocxo
543 2449 629 2516 eolis
654 2449 778 2518 orbito.
829 2449 883 2516 M.

405 2551 488 2604 Thes.
507 2551 527 2603 Ι.
546 2569 572 2620 p.
592 2554 631 2607 72.
649 2553 693 2604 Ad
712 2551 826 2605 Nonam.

160 2664 313 2722 Arevalus
337 2664 365 2721 5.
389 2667 564 2738 passione
587 2685 615 2738 p.
638 2665 687 2725 26.
712 2667 825 2724 a—ra.
849 2665 971 2722 Nealius
999 2683 1054 2740 per
1083 2684 1152 2722 con·

74 2751 236 2805 iacturam:
275 2753 464 2823 mysticum
496 2753 611 2807 cernit
640 2749 782 2808 recludi
812 2751 963 2806 linteum
986 2757 1021 2807 et
1042 2753 1151 2808 visio·

74 2837 128 2892 nis
152 2837 298 2910 cogitat
320 2841 423 2891 terno
446 2853 597 2892 recursu
620 2839 817 2893 terminum.
863 2835 923 2891 Sed
944 2839 973 2893 in
994 2836 1042 2892 his
1058 2837 1091 2893 V}
1114 2837 1148 2892 D.

73 2939 133 2976 non
156 2920 336 2995 adstipulor.
374 2922 439 2976 Duo
462 2924 492 2978 in
514 2923 638 2996 stropha
661 2926 927 2980 commemorantur
946 2922 1149 2980 horaenonae
1255 2952 1263 2961 ·

73 3007 235 3078 mysteria:
260 3007 396 3075 alterum,
421 3025 480 3082 quo
504 3007 628 3064 claudus
652 3015 789 3076 sanatur,
813 3007 881 3066 Act.
905 3009 932 3066 3.
961 3011 1053 3082 lsq.‚
1077 3009 1150 3064 alte-

73 3108 147 3159 rum,
173 3109 235 3165 quo
257 3091 340 3148 Petri
367 3110 449 3148 error
477 3094 616 3150 aufertur.
655 3093 721 3150 Aet.
749 3093 795 3152 10.
833 3095 886 3150 Vv.
911 3093 938 3152 9.
966 3094 1012 3151 10.
1036 3095 1078 3153 ita
1101 3110 1149 3150 ex·

72 3177 221 3249 plicandi:
246 3178 340 3245 Nunc,
363 3180 381 3233 i.
406 3195 430 3234 e.
454 3179 528 3234 hora
543 3197 629 3246 nona,
651 3181 790 3236 terminat
805 3181 855 3235 illa
870 3181 955 3246 visio,
977 3181 1068 3244 ,tertia
1082 3181 1147 3237 viee

72 3265 218 3336 repetita,
258 3280 347 3337 quam
377 3263 484 3320 Petrus
511 3267 664 3338 perspexit
693 3264 917 3322 advenientibus
953 3282 969 3320 e
999 3264 1148 3320 Caesarea

72 3349 205 3424 Cornelii
228 3349 348 3404 nuntiis.
386 3347 551 3405 Adscendit
573 3350 680 3408 Petrus
703 3352 733 3405 in
757 3353 911 3424 superiora
938 3351 1018 3406 eirca
1043 3350 1147 3406 horam

72 3439 190 3490 sextam
215 3433 293 3499 (Act.
321 3434 368 3501 10,
392 3433 421 3500 9)
453 3439 482 3490 et
512 3437 680 3493 terminavit
703 3435 776 3492 visio
802 3437 881 3491 circa
902 3435 1007 3490 horam
1029 3451 1145 3515 nonam.

72 3519 220 3576 Conicras
243 3520 392 3592 Hymnurn
414 3519 665 3578 Benchoriensem
688 3519 726 3576 ad
740 3521 856 3577 Nonam
879 3525 909 3576 et
932 3520 1089 3576 collectam
1109 3519 1147 3576 ad

9 3637 28 3661 .,
72 3604 198 3660 Nonam.
244 3606 326 3660 Nouo
356 3608 454 3678 optior
481 3605 538 3662 diei
560 3607 639 3664 icero.
685 3608 730 3663 nd
752 3614 778 3662 tc
801 3607 920 3662 Domine
948 3606 1057 3662 directo
1079 3625 1147 3680 sup·

67 3692 245 3762 plicatione,
284 3709 340 3763 quo
369 3691 527 3748 cultoribus
558 3695 616 3750 tuis
645 3693 742 3750 diviua
771 3699 969 3748 monstrantur
985 3693 1145 3762 miracula,

72 3783 175 3832 metro
198 3793 313 3849 quoquc
335 3794 431 3832 eorum
455 3779 613 3834 imitatione
635 3778 722 3835 cordo
745 3779 891 3835 inlumina.
923 3771 929 3782 ⁴
1002 3781 1005 3785 '

516 3905 711 3916 ...Μ’-ι-

300 3985 431 4056 Rerum
454 3987 557 4056 Dotis
579 3992 688 4055 terion
708 3988 813 4074 otpolt
864 3988 911 4055 D.
1002 3974 1024 3985 ..

393 4107 475 4160 Thes.
494 4105 514 4158 I.
533 4123 560 4174 p.
580 4109 619 4160 52.
642 4107 688 4159 Ad
705 4106 821 4159 Nonam.

156 4220 228 4278 (lod.
254 4219 389 4312 Rhenov.
418 4219 483 4278 111.
510 4236 588 4276 saec.
613 4220 647 4276 X.
686 4219 714 4288 5„
739 4222 851 4276 claro.
913 4231 916 4236 ’

510 4361 711 4372 m·-
