2732 5026
372 649 463 721 Germ
490 653 631 722 revolvo
660 655 869 723 totocorde.

420 771 571 826 Meditatio
589 772 699 826 animae
717 773 815 826 fidelis.

147 919 219 976 Cum
240 918 364 977 revolvo
386 923 451 976 toto
475 918 575 987 eorde,
685 919 760 977 (ium
781 919 924 977 recordor
946 919 1010 976 dies
1032 920 1140 978 breves

145 1007 174 1062 in
189 1021 251 1080 qua
262 1003 390 1062 mundus
399 1010 500 1062 manet
508 1004 607 1074 eorde,
684 1011 715 1062 et
736 1004 880 1063 recordor
903 1004 967 1062 dies
989 1007 1082 1073 leves,

114 1089 118 1098 ’
146 1096 227 1148 totus
249 1088 378 1148 mundus
401 1089 484 1148 cordi
500 1090 603 1148 sordet
619 1091 658 1150 35
683 1105 777 1166 grave
798 1093 833 1148 iit
855 1089 937 1168 quod
958 1093 1014 1147 suit
1035 1093 1121 1158 leve,¹

146 1180 175 1232 et
197 1193 249 1232 eor
271 1179 367 1234 totum
390 1193 423 1232 se
442 1175 601 1234 remordet.
682 1182 712 1234 et
726 1177 760 1238 fit
776 1178 899 1253 longum
908 1176 1152 1252 quodestbreve.

104 1348 122 1405 5
145 1345 220 1404 cum
240 1345 363 1446 15V01V0
386 1351 495 1446 menie·
508 1363 595 1420 pura,
683 1365 758 1422 Cum
778 1364 922 1421 recordor
945 1361 1022 1422 dierr'r
1050 1367 1153 1422 mortis

143 1449 233 1509 (luam
249 1437 289 1489 30
303 1431 497 1532 ’θῃῧιῐῃῦῃὼ
514 1449 594 1502 ⁰³³²ae
684 1456 714 1508 et
737 1457 886 1508 extremae
910 1449 988 1507 diem
1011 1453 1123 1522 sortis„
1165 1505 1168 1512 ,

142 1521 404 1616 1001603Ρο3ξο
428 1535 460 1574 ⁸0
484 1535 598 1587 curares
685 1539 727 1593 sic
751 1555 797 1593 me
821 1541 934 1593 terrent
956 1537 1006 1594 isti
1030 1536 1103 1604 dies,

144 1621 248 1660 curam
270 1601 375 1660 mund*
393 1604 459 1661 Vnst
480 1605 595 1680 sugssse·
619 1621 661 1680 40
682 1628 716 1678 ιιι
739 1625 777 1680 sit
799 1623 870 1678 mihi
892 1623 974 1678 nulla
997 1624 1091 1698 quies.

143 1774 220 1832 Cum
233 1771 376 1832 recordor
396 1790 473 1847 pura
486 1779 595 1843 mente,

85 1861 120 1919 10
142 1857 600 1936 eeditmundusquamrepente,
648 1900 651 1913 .

141 1963 180 2004 ne
194 1963 279 2004 mens
295 1944 385 2002 eadat
397 1945 606 2014 cumcadente‚

141 2031 287 2088 mundum
297 2032 375 2106 fugit
386 2049 470 2090 mens
479 2035 605 2100 attente,

682 1811 757 1868 Cum
790 1809 933 1868 recordor
970 1809 1051 1885 quod
1089 1827 1154 1865 sum

925 1897 1007 1963 bime,
1056 1901 1091 1972 J
1140 1891 1142 1895 ’

684 1987 714 2038 et
736 1980 818 2056 quod
840 1983 899 2038 cito
922 1983 1004 2037 venit
1026 1981 1102 2047 finis,

684 2069 747 2124 sine
770 2069 828 2124 fine
850 2068 1041 2142 pertimesco,

377 2163 384 2174 '
684 2159 715 2210 et
735 2158 769 2210 ut
791 2147 864 2210 cinis
893 2153 1066 2228 refrigeseo.

141 2204 218 2262 Cum
239 2201 383 2260 recordor
397 2207 498 2260 mente
513 2218 595 2271 sana,

142 2306 236 2366 quam
259 2290 300 2346 sit
322 2289 415 2346 stulta
435 2305 506 2364 spes
521 2306 605 2344 mun·

389 2373 475 2442 danti,

85 2461 118 2520 15
142 2479 225 2536 aspe
234 2464 365 2517 mentem
376 2459 416 2516 ad
424 2475 508 2534 spem
516 2463 600 2516 verto

116 2616 122 2622 ¹
142 2553 173 2603 et
182 2562 268 2620 spem
276 2545 377 2602 mundi
387 2545 601 2620 spesubverto.

619 2341 660 2400 45
679 2342 758 2399 »Cum
779 2340 921 2398 recordor
943 2343 1112 2409 moriturus,
1215 2381 1220 2396 ,

685 2427 757 2504 quid
778 2432 849 2502 post
870 2432 996 2498 mertem
1019 2429 1074 2484 sim
1095 2427 1139 2483 fu-

922 2518 1017 2582 turus,

682 2605 775 2656 terret
798 2617 844 2678 me
868 2605 964 2656 terror
985 2603 1138 2666 venturus,

141 2718 218 2775 cum
240 2716 390 2784 recordor,
414 2715 515 2774 mundi
531 2731 603 2772 cura
681 2703 771 2760 quern
787 2690 928 2759 exspecto
945 2703 1004 2740 non
1019 2701 1152 2741 securus.

142 2819 234 2880 quam
258 2805 298 2859 sit
318 2819 423 2878 prava,
446 2819 536 2880 quam
559 2804 598 2858 sit
670 2837 673 2848 ι

389 2889 482 2957 ω’,
681 2874 787 2930 Terret
809 2891 856 2930 me
879 2872 943 2929 dies
966 2873 1099 2939 terroriS,

140 2976 251 3032 menti·
273 2991 343 3031 reor
366 2991 434 3031 esse
457 2973 558 3041 durae,
592 3017 598 3027 .
617 2960 658 3020 50
681 2961 743 3016 irae
766 2958 829 3016 (110⁸
854 2964 884 3015 et
907 2959 1023 3026 furoris,

82 3061 121 3120 2⁰
141 3063 195 3137 qui
217 3059 273 3117 sub
297 3059 397 3118 mundi
420 3061 494 3118 vivit
514 3061 587 3116 iure.
681 3045 745 3102 <150⁸
767 3046 866 3102 lucius
890 3050 921 3101 ei
942 3045 1095 3111 moeroris,

271 3169 275 3176 ·
659 3177 662 3183 .
682 3130 745 3188 dies
769 3132 856 3188 ultrix
878 3132 1056 3206 peccatoris.

142 3233 217 3289 Cum
225 3229 369 3287 recorder
381 3227 483 3286 mundi
495 3227 616 3286 laudem

126 3319 175 3375 'et
197 3313 367 3373 mundanae
388 3315 486 3374 laudis
508 3315 588 3372 ireu-
680 3319 855 3394 Expaveseo
885 3317 1006 3395 quidem
1028 3319 1153 3375 multum

387 3401 464 3469 dem,
635 3407 644 3418 '
682 3408 799 3462 venturi
821 3403 927 3462 iudicis
950 3405 1073 3468 vultum,

143 3491 210 3546 laus
228 3494 260 3545 et
274 3485 355 3545 fraus
372 3489 403 3544 in
419 3485 517 3544 cordis
534 3501 585 3544 ore
619 3489 659 3550 55
684 3491 732 3546 eui
753 3490 859 3547 latebit
881 3491 922 3546 nil
945 3489 1095 3545 oecultum

34 3598 37 3605 ·
144 3574 224 3632 idem
249 3579 336 3631 sonat
358 3591 417 3630 uno
437 3590 527 3630 more.
683 3582 713 3632 et
736 3575 866 3632 manebit
888 3575 929 3630 nil
951 3574 1104 3634 inultum..

81 3730 122 3788 25
144 3729 218 3787 Cum
226 3727 369 3802 recorder
378 3725 479 3784 mundi
490 3726 605 3786 fruetus
684 3729 722 3785 Et
737 3731 804 3804 quis
815 3719 949 3785 nostrum
960 3728 1152 3798 nontimebit,
1210 3777 1216 3783 .
1300 3733 1302 3738 ’

146 3821 176 3872 et
198 3813 333 3874 eiusdem
362 3831 456 3888 penso
479 3811 588 3880 luctus,
687 3814 806 3889 quando
828 3813 916 3870 iudex
939 3813 1103 3888 apparebit,

146 3903 189 3958 eie
212 3906 260 3957 est
282 3899 354 3956 mihi
375 3899 491 3956 fruetus
514 3899 591 3964 eius,
682 3906 752 3958 ante
774 3918 864 3976 quem
886 3902 963 3974 ignis
986 3899 1111 3968 ardebit,

145 3992 179 4044 ut
201 3988 241 4042 sit
262 3983 373 4041 mundo
395 3983 469 4042 nihil
490 3985 586 4058 peius.
619 3986 659 4044 60
682 3992 859 4062 peccateres
883 3988 934 4060 qui
957 3985 1077 4042 delebit.

37 4213 40 4220 y
147 4141 220 4198 (ium
233 4138 377 4198 recordor
392 4135 493 4194 mundi
501 4137 604 4194 florem
682 4139 789 4196 Veniet
810 4139 898 4196 iudex
921 4139 958 4196 de
982 4141 1083 4206 coelis,

83 4225 125 4284 ab
148 4231 178 4284 et
192 4244 281 4301 quem
295 4225 389 4282 babet
401 4225 457 4282 flos
472 4223 602 4292 odorem,
680 4227 767 4282 testis
791 4233 880 4284 verax
890 4225 892 4232 '
903 4231 934 4282 et
955 4223 1053 4280 fidelis

148 4317 247 4369 tentus
272 4310 357 4368 dolor
380 4315 427 4367 est
449 4311 478 4364 in
500 4309 582 4378 flore,
683 4313 783 4368 veniet
805 4317 836 4368 et
858 4329 916 4368 non
940 4310 1048 4376 silebit,

148 4401 261 4454 utnon
283 4399 323 4454 sit
344 4397 400 4454 flos
423 4396 453 4452 in
476 4393 576 4452 odore.
618 4449 622 4456 ,
681 4394 824 4456 iudicabit
846 4413 900 4454 nee
924 4395 1045 4452 timebit.
1100 4389 1107 4404 '
1163 4453 1170 4461 ⁸
