2728 5028
155 607 296 681 Praeceps
319 605 357 662 ab
379 605 440 662 alto
465 606 616 673 sternitur,
682 603 795 662 Stellae
817 587 923 662 natant
944 606 975 662 in
997 605 1126 675 flumine,

154 692 238 750 Undis
258 691 413 767 profundis
436 693 594 765 mergitur:
679 691 727 748 llli
749 695 909 764 parentant
929 691 1056 748 lumine:

45 785 66 852 ⁶.
154 779 277 836 Marsum
297 777 352 834 sed
366 776 617 852 applaudentibus
681 777 838 852 Docetque
862 775 937 832 cccli
960 777 1091 844 claritas,

100 863 136 924 20
153 863 249 922 Undae
272 863 404 922 salutant
425 861 552 938 ignibus.
682 861 765 931 Quae
789 863 828 919 sit
850 861 969 920 Ioannis
992 863 1133 920 charitas.

4 965 7 996 ¹
242 1045 246 1052 ,
321 982 361 1043 25
384 984 430 1040 Da
453 965 635 1056 sempiterna
658 979 798 1050 Trinitas,

235 1061 239 1068 ⁴
389 1069 429 1128 Ut
450 1069 480 1125 in
501 1067 579 1136 bono
604 1068 642 1124 sit
663 1068 804 1136 firmitas;

388 1153 450 1210 Aut
470 1153 670 1227 lacrymarum
691 1152 811 1210 flumina

387 1239 527 1316 Mergant
550 1237 708 1296 cadentum
732 1240 862 1295 crimina.

514 1403 719 1414 -ι-ι--ι-μ--ι-

348 1503 394 1571 1η
412 1501 595 1592 praitauria
616 1504 730 1570 noctis
752 1501 888 1570 umbra.

263 1603 308 1658 De
327 1607 353 1659 S.
372 1605 477 1658 Ioanne
495 1604 702 1672 Nepomuceno.
737 1605 783 1658 Ad
799 1603 975 1656 Matutinum.
1079 1643 1087 1662 .

86 1709 106 1792 [
148 1719 179 1774 ln
199 1717 348 1793 profunda
370 1720 466 1776 noctis
488 1717 601 1786 umbra,
678 1718 764 1774 Nunc
788 1733 887 1774 amore
911 1734 962 1774 cor
987 1714 1133 1774 bonorum

148 1804 184 1860 Et
206 1807 291 1880 gravi
314 1805 451 1880 caligine,
502 1803 521 1842 Ἀ
685 1803 733 1860 Ad
756 1804 883 1860 salutern
905 1803 1067 1877 pertrahit:

147 1889 271 1948 Lustrat
313 1889 419 1948 aedem
458 1889 577 1946 flamma
624 1887 661 1946 15
684 1890 770 1945 Nunc
793 1891 899 1944 timore
922 1905 974 1944 cor
994 1888 1141 1945 malorum

446 1974 565 2043 munda,
684 1975 711 2030 A
734 1974 872 2050 gehenna
893 1973 1027 2031 retrahit.

148 2059 194 2118 Sic
215 2061 338 2118 iubente
360 2061 496 2120 Numine.

339 2183 345 2195 ,
681 2128 835 2202 Pauperes
859 2127 973 2184 solatur
995 2141 1075 2196 aere,

109 2176 239 2238 llNocte
263 2187 396 2238 nascitur
417 2181 555 2249 loannes,
680 2215 840 2272 Derelictis
863 2203 1034 2272 subvenit:.

146 2265 236 2324 Astra
259 2268 344 2324 coelo
368 2266 522 2326 devolant:
679 2301 746 2358 mm
770 2301 839 2356 sinit
862 2302 958 2356 iustos
981 2302 1090 2368 jacere,
1188 2331 1192 2336 .

145 2351 240 2493 {me
264 2355 410 2428 mergitur
430 2352 567 2421 1⁰²nnes’
618 2385 659 2446 20
682 2387 797 2444 Damna
818 2385 915 2443 famae
937 2385 1104 2460 praepedit.

173 2443 235 2496 stra
260 2439 349 2496 sunus
372 2443 550 2513 apparant,

143 2555 218 2616 Hinc
243 2577 298 2616 eor
320 2560 383 2616 eius
399 2560 468 2633 igne
484 2559 615 2633 flagrans
679 2557 739 2614 Per
753 2557 873 2614 Ioannis
896 2559 1096 2625 sanctitatem,
1205 2590 1210 2594 ·
1304 2601 1309 2614 .

92 2640 125 2699 tc
144 2643 241 2702 Fortis
266 2646 326 2702 urit
348 2645 494 2700 charitas:
573 2681 579 2690 -
682 2643 820 2700 Obeata
841 2643 981 2710 Trinitas,
1053 2693 1057 2700 .

143 2729 218 2787 Hinc
242 2731 283 2787 ab
306 2732 369 2786 eius
393 2747 443 2786 ore
466 2745 589 2786 manans
682 2729 834 2788 Mentibus
858 2728 896 2784 da
918 2730 1089 2802 puritatem,

143 2813 220 2873 Mira
242 2815 346 2892 prodit
368 2816 509 2873 suavitas.
684 2813 781 2870 Corde
802 2818 912 2890 regnet
934 2813 1075 2871 charitas.

367 3078 436 3174 Via
456 3082 494 3148 ia
514 3083 678 3170 sepulcro
701 3081 875 3176 conditur.
935 3118 939 3124 ·
990 3091 993 3096 '

292 3179 336 3234 De
355 3181 381 3236 S.
400 3181 505 3235 loannc
523 3181 728 3252 Nepcmuceno.
763 3183 808 3236 Ad
826 3181 948 3236 Laudes.

142 3292 197 3350 vix
219 3296 251 3351 in
277 3295 414 3368 sepulcro
439 3295 584 3363 conditur,
681 3297 738 3354 Hic
761 3296 870 3370 corpus
893 3292 1108 3370 aegritudines,

142 3378 246 3454 Signis
270 3379 400 3436 Ioannes
424 3379 575 3456 proditur;
683 3383 814 3456 Tempus
837 3378 1069 3447 vicissitudines,

142 3462 201 3521 Per
224 3467 353 3530 cratium
374 3467 520 3540 repagula
624 3467 660 3525 15
682 3468 852 3526 Periculum
875 3467 1031 3532 securitas,

61 3573 65 3580 ¹
117 3573 119 3581 r
140 3549 340 3608 intermicant
362 3551 513 3608 miracula.
683 3554 812 3610 Mortem
834 3553 911 3627 sugit
936 3541 1111 3610 mortalitas.

102 3667 120 3725 5
142 3669 199 3726 Hic
221 3672 291 3727 eius
313 3671 418 3728 hostes
440 3671 520 3728 illico
682 3674 738 3730 Hic
761 3675 830 3732 viva
851 3673 954 3748 lingua
976 3673 1125 3747 martyris,

140 3755 267 3813 Pudore
289 3759 397 3813 moesti
419 3747 548 3830 publico,
683 3757 744 3816 Sed
765 3763 848 3815 muta
869 3777 944 3816 voce
968 3761 1121 3834 sanguinis

140 3840 259 3898 Ultrice
282 3843 387 3898 dextra
409 3843 553 3910 Numinis,
684 3845 831 3914 clamans,
848 3850 882 3900 ut
893 3844 981 3914 Abel,
997 3845 1155 3919 improbat,

140 3925 265 3984 Poenas
288 3927 457 4002 rependunt
480 3929 661 3989 miminiano
676 3931 821 4008 ¹Regique
845 3932 954 3988 crimen
978 3930 1130 4006 exprobat.

141 4045 199 4103 Hic
224 4045 334 4104 damna
349 4064 448 4104 rerum
470 4047 619 4117 flentibus,
685 4051 778 4107 Unius
802 4069 819 4107 o
843 4049 881 4107 da
903 4051 1042 4122 Trinitas,

83 4130 119 4188 10
140 4132 295 4190 Famaeve
318 4133 579 4208 conquerentibus,
685 4135 847 4212 Triumquc
870 4139 994 4213 simplex
1015 4139 1129 4206 Unitas,

141 4207 288 4275 Abdudta
310 4237 359 4277 res
382 4221 551 4289 revertitur,
686 4221 724 4278 Ut
747 4225 798 4298 qui
820 4223 923 4280 Ioanni
946 4225 1126 4299 supplicant,

41 4331 45 4336 ·
139 4303 258 4361 Ablata
279 4305 357 4362 fama
378 4303 520 4363 redditur.
683 4307 718 4364 Id
725 4310 895 4382 impetrent,
911 4310 993 4386 quod
1008 4309 1154 4386 flagitant.
