2732 5026
365 587 410 646 sii
431 587 494 646 Deo
518 587 600 646 Patri
622 587 688 644 laus
710 588 741 644 in
763 603 852 646 eruce
874 588 947 656 Filii,

364 675 405 730 sii
427 673 599 748 coaequalis
622 673 688 730 laus
712 678 816 740 saneto
839 673 972 747 Spiritui,

364 758 477 818 civibus
501 761 623 816 summis
646 757 787 833 gaudium
809 760 849 816 sit
869 758 993 834 angelis,

301 843 341 904 20
357 845 459 936 'honor
480 847 510 902 in
532 843 640 902 mundo
664 846 760 902 erucis
785 845 933 901 exaltatio.

305 952 400 1008 Codex
417 953 646 1008 vindobonensis
664 951 810 1010 Kehreinii
833 969 906 1007 saec.
925 951 988 1006 xri
1008 954 1069 1020 (V).
1104 952 1216 1008 Munius
1233 953 1289 1008 duos

235 1021 324 1075 libros
343 1039 416 1075 saec.
434 1021 496 1075 XV.
515 1022 633 1076 eontulit
652 1021 710 1088 (M).
745 1021 920 1076 Breviarium
941 1021 1073 1074 Fratrum
1090 1019 1289 1076 Humiliaterum

237 1091 311 1158 apud
329 1090 465 1154 Nealium,
483 1089 585 1159 Hymn.
602 1107 629 1158 p.
649 1091 704 1144 183.
725 1087 782 1158 (Η).
816 1089 898 1144 Brev.
918 1087 1063 1144 Constant.
1082 1087 1135 1157 (O).
1241 1094 1245 1104 ’

266 1207 273 1218 “
320 1205 349 1260 4.
372 1201 406 1259 V.
430 1202 620 1259 hominum.
664 1202 692 1261 6.
718 1203 752 1260 H.
773 1221 839 1278 per
860 1203 1029 1260 ie—hie
1052 1207 1087 1260 ie
1111 1201 1186 1261 dee.
1217 1203 1288 1262 7.M.

235 1288 306 1346 tibi
329 1303 484 1362 semper.
530 1289 558 1348 8.
581 1287 617 1346 Η.
643 1305 764 1346 sumus
787 1289 904 1352 liberi.
951 1287 997 1347 10.
1021 1289 1055 1346 V.
1078 1287 1211 1354 munde
1231 1307 1289 1367 =ma·

178 1435 180 1441 ⁸
235 1373 290 1432 lis.
322 1371 358 1430 H.
381 1371 537 1431 nos'iam
567 1391 585 1430 a
612 1376 750 1448 pravis.
783 1377 830 1434 11.
854 1374 888 1432 V.
918 1373 1110 1450 fragiliter.
1134 1373 1175 1433 M.
1197 1375 1289 1432 humi·
1350 1361 1351 1378 ¹

234 1459 392 1519 litatem.
442 1461 492 1520 20.
514 1461 617 1518 variat
640 1461 788 1534 scriptura
815 1477 871 1535 pro
900 1461 1047 1518 festorum
1077 1461 1288 1518 commoditate:

236 1545 284 1601 sii
307 1546 429 1603 erucis
452 1546 631 1613 invenii0;
654 1548 775 1604 erucis
798 1547 998 1614 exalteti03
1021 1563 1065 1607 er.
1095 1550 1287 1604 veneratio.

318 1629 475 1706 Hodieque
504 1647 523 1688 e
547 1649 610 1688 non
641 1631 730 1690 nullis
759 1632 971 1692 monachorum
1000 1631 1153 1690 ordinibus
1173 1632 1288 1708 hymnus

233 1716 264 1773 in
287 1713 384 1774 divino
408 1717 504 1773 officio
527 1721 696 1792 usurpaiur.
1350 1717 1351 1724 ’

302 1823 349 1892 Ca.
368 1798 431 1878 Dus.
449 1827 472 1877 8.
491 1841 604 1880 sumus
622 1825 734 1880 liberi.
771 1829 810 1884 18.
828 1825 892 1882 Dm.
911 1827 1100 1898 coaequali.

579 2013 677 2084 Haec
700 2016 776 2083 dies
799 2014 955 2108 celebris.

653 2115 698 2172 De
716 2117 744 2172 S.
763 2115 877 2172 Ottone.

294 2246 377 2304 Haec
400 2245 464 2304 dies
481 2245 607 2304 celebris
829 2246 888 2304 Per
909 2247 1001 2306 verba
1022 2243 1171 2322 praesulis

294 2349 404 2408 magna
427 2331 479 2389 dai
501 2331 620 2408 gaudie,
832 2331 958 2390 credidit
981 2333 1089 2410 slavia,

294 2419 324 2475 in
347 2435 407 2492 qua
428 2421 609 2492 praecipuus
830 2436 976 2477 venenum
992 2435 1142 2487 evomens,

294 2504 417 2578 praesul
439 2510 486 2562 esi
508 2503 628 2562 additus
766 2503 807 2564 25
831 2505 947 2562 coelice
966 2505 1105 2580 glutiens,

181 2637 183 2642 .
252 2587 271 2646 5
296 2595 467 2646 sanctorum
489 2607 611 2648 numero
828 2589 915 2664 plebs
938 2591 1133 2646 Pomerenica

295 2677 436 2751 egregius
461 2673 542 2744 otto,
832 2673 951 2733 Christo
975 2681 1022 2732 esi
1043 2671 1161 2732 reddita

294 2766 328 2818 ut
351 2778 423 2819 auro
446 2763 539 2836 iaspis
562 2763 682 2836 optimo.
831 2760 868 2818 de
884 2761 1033 2818 drachmis
1054 2759 1158 2818 decem
1172 2757 1287 2836 perdita.

293 2871 436 2954 Pergenii
458 2881 569 2941 homini
829 2881 854 2937 0
878 2879 971 2944 decus
992 2881 1173 2955 praesulum,

294 2965 404 3022 tradita
427 2966 527 3034 coluit,
765 2966 806 3032 ³0
829 2966 956 3034 Christe,
979 2983 1034 3022 nos
1057 2965 1165 3024 adiuva

233 3050 270 3108 10
292 3067 361 3107 nem
383 3053 565 3107 monasteria
828 3051 948 3108 Otionis
970 3053 1084 3108 meritis

293 3135 426 3192 condidii
447 3136 597 3210 plurimas
828 3136 881 3193 tibi
903 3155 958 3193 nos
978 3137 1107 3212 placitis,

236 3271 239 3281 .
293 3237 415 3279 reverso
438 3221 549 3278 homini
678 3290 680 3292 Ι
826 3227 860 3278 ui
882 3241 937 3278 nos
961 3239 1030 3278 eum
1052 3221 1186 3279 omnibus

294 3308 357 3364 sine
381 3305 536 3382 dispendio
574 3309 577 3318 '
825 3305 864 3363 ad
886 3295 1020 3364 dextram
1043 3307 1190 3365 stantibus

292 3410 388 3450 meam
411 3393 479 3450 iulii
505 3409 588 3449 more
611 3391 746 3466 decuplo.
764 3391 804 3451 35
826 3393 960 3450 locamur
981 3395 1011 3449 in
1034 3391 1168 3451 ovilibus.

231 3512 268 3571 15
292 3513 318 3569 0
340 3513 409 3570 felix
433 3513 551 3580 Suevie,
648 3533 653 3544 ·
827 3511 871 3570 Sit
893 3513 959 3570 laus
981 3519 1128 3588 perpetua

292 3600 377 3655 cuius
401 3616 436 3655 ex
457 3597 550 3654 ubere
698 3673 700 3678 Ι
827 3597 964 3674 doxaque
986 3599 1121 3666 maxime,

290 3685 440 3758 processit
463 3684 589 3740 coelitus
826 3685 866 3742 sit
887 3683 980 3741 decus
1002 3686 1115 3758 pariter

161 3775 192 3793 ‘'
289 3769 407 3826 luminis
430 3767 542 3836 radius,
607 3819 612 3830 .
825 3769 887 3838 tibi,
912 3769 1040 3837 Christe,
1062 3774 1151 3844 pater

255 3881 258 3888 ⁴
291 3857 342 3930 qui
362 3855 446 3912 lucei
468 3853 604 3912 omnibus
762 3855 804 3914 40
828 3857 987 3912 coniuncto
1008 3855 1080 3923 filio,

227 3939 269 4000 20
292 3941 381 4008 clare,
405 3938 460 3997 sed
482 3940 592 3998 elarius
825 3942 912 3998 simul
933 3942 1089 4016 paraclito,

289 4027 320 4082 in
343 4025 462 4084 Christo
481 4025 723 4082 eoruscantibus.
826 4029 877 4102 qui
898 4043 1008 4103 regnas
1032 4028 1096 4082 sine
1119 4025 1246 4082 termino.

311 4145 402 4203 Mone
424 4143 565 4204 111473.
601 4143 652 4202 Hs.
676 4161 712 4204 zu
734 4145 877 4204 Miiucien
903 4147 967 4204 Cim.
990 4143 1103 4204 13087.
1128 4145 1173 4202 12.
1192 4134 1281 4202 liiii)

226 4260 269 4270 -
289 4231 340 4292 40.
363 4232 438 4308 Leg.
461 4231 681 4288 coniuncte.
