2788 5024
672 535 678 546 1

225 621 253 684 c.
268 621 450 689 Trucidsris,
475 619 529 678 sed
550 620 674 677 luctaris
760 619 789 679 7.
805 619 972 696 lugulatus,
995 623 1067 680 seris
1090 622 1188 692 dctus,

266 708 301 764 In
322 723 429 782 ugone,
452 707 593 780 passione
802 706 893 764 Morti
916 707 1008 775 cedis,
1030 714 1063 766 et
1085 709 1188 766 obedis

310 791 421 850 christi
444 795 563 848 certans
585 791 719 846 nomine:
845 791 957 850 Christi
980 795 1153 869 evangelio:

185 909 189 921 ι
265 877 448 944 vulneraris,
471 877 645 934 contricnrie
802 875 954 934 Christum
976 884 1060 936 tutus
1083 879 1117 936 es
1140 885 1268 938 secutus:

222 973 225 980 ·
267 963 336 1020 Sale
359 963 433 1036 spei,
457 961 560 1018 dicens
582 961 640 1016 mei
787 961 913 1019 ,Passus
924 969 1050 1022 martem
1059 964 1167 1022 bonnm
1175 971 1280 1040 purten

308 1049 462 1115 Miserere,
485 1047 619 1104 Domine.
843 1047 1008 1122 Arquisisti
1029 1050 1145 1124 proelio

401 1180 407 1188 ·
479 1149 508 1207 8.
531 1143 613 1216 [lam]
637 1147 746 1222 signati
768 1149 887 1206 iniisti

289 1233 294 1237 ’
526 1233 668 1302 Preciosi,
690 1233 838 1301 luminosi,
876 1244 878 1248 ’

579 1318 681 1374 Dulcis
705 1321 753 1374 est
774 1321 923 1400 memoria.

525 1403 587 1460 Nos
609 1408 756 1470 notantes,
780 1405 958 1462 fluctuantes

448 1551 460 1568 ,
526 1489 561 1546 In
582 1488 640 1544 hoc
655 1487 765 1546 mundo
780 1489 936 1546 furibundo
979 1491 985 1500 '

526 1573 590 1630 Duc
606 1565 674 1650 'quo
697 1573 812 1653 gaudes
835 1575 939 1650 glotis.

306 1694 334 1754 3:
356 1695 420 1754 Lib.
442 1694 534 1752 mali
557 1683 652 1752 seni.
697 1693 724 1752 6.
746 1694 811 1752 Lib.
834 1695 1028 1753 miserere
1051 1697 1132 1754 mci
1179 1697 1206 1757 7.
1226 1695 1281 1754 Lib.
1328 1715 1332 1720 ·
1370 1755 1372 1766 ,

219 1797 365 1856 puseus
394 1785 554 1860 mortepi
582 1779 718 1850 bonum
747 1781 963 1854 acquisisti
984 1781 1151 1854 proelio.
1196 1782 1282 1839 Nealii
1370 1767 1372 1792 ¹

184 1901 190 1910 -
219 1866 392 1924 coniectura
413 1866 523 1940 legitur
545 1880 645 1938 supra.
688 1865 752 1940 Ego
775 1882 847 1924 vero
870 1865 969 1924 malim
995 1867 1113 1941 legere,
1143 1866 1281 1926 Passus
1371 1867 1372 1880 ³

213 1955 381 2008 vmortem
402 1951 541 2008 bonum
562 1953 715 2009 sortem,
1370 1945 1372 2038 s,

249 2209 267 2220 ,,
304 2151 374 2213 ⁴772
407 2143 493 2226 [Ave
520 2149 745 2216 materiem
772 2144 915 2216 cirion.
958 2153 992 2211 ln
1014 2155 1281 2216 purificatione

217 2239 251 2300 B.
273 2241 307 2298 V.
352 2240 471 2296 Nesle
489 2240 575 2317 sequ
597 2261 628 2316 p.
655 2244 716 2301 1⁰4
737 2259 754 2299 e
776 2240 892 2298 Missoli
907 2238 1086 2310 Perisiensil

215 2359 246 2418 l.
262 2360 327 2418 Ave
349 2365 445 2416 mater
466 2358 536 2416 lesu
559 2361 679 2430 Christi,
755 2361 783 2419 d.
797 2359 906 2418 Mulier
928 2361 1057 2435 eligitur,
1125 2344 1130 2358 ¹

150 2461 155 2476 ¹
241 2445 345 2515 ,Quae
367 2444 405 2501 de
423 2445 512 2502 'coelo
536 2440 709 2521 concepisti,
794 2446 886 2502 Cuius
909 2439 1034 2519 serpens
1056 2447 1162 2503 nititur

302 2531 368 2587 Non
391 2531 489 2586 carnis
512 2535 702 2601 commercio;
825 2529 976 2604 ,Pungere
999 2531 1189 2590 calcaneum:

257 2617 286 2672 A
308 2620 450 2673 contactu
472 2617 527 2672 viri
548 2633 625 2690 pura
795 2614 856 2672 Sed
876 2615 961 2672 sortis
985 2621 1016 2672 et
1038 2618 1171 2690 sapiens,

260 2701 441 2775 concepisti,
464 2703 598 2775 paritura
791 2701 882 2756 Hosti
903 2717 962 2756 non
984 2703 1177 2759 consentiens

301 2785 450 2844 Gaudium
473 2803 540 2842 cum
563 2787 682 2862 gaudio.
750 2827 758 2846 .
836 2785 995 2843 Praecevit
1009 2787 1164 2846 ‘sculennn

215 2887 407 2963 erepsisti
430 2887 615 2958 medicinam,
752 2885 779 2945 6.
795 2886 894 2960 Caput
915 2889 1023 2962 unguis
1044 2887 1120 2945 hoec
1137 2889 1279 2954 contrivit,

256 2975 323 3032 Non
346 2974 504 3041 carnalem,
527 2974 582 3030 sed
604 2975 732 3034 divinam
795 2972 886 3028 Cuius
899 2975 990 3030 narni
1014 2975 1144 3031 counivit

299 3059 442 3116 Pereunti
465 3060 600 3116 saeculo:
836 3057 876 3113 Sc
897 3058 1041 3131 Maiestas
1064 3059 1149 3116 Filii

256 3143 352 3202 Totus
375 3149 440 3200 erat
461 3145 491 3200 in
510 3145 664 3220 languore,
794 3141 889 3199 Sexus
912 3147 982 3200 ante
1004 3143 1128 3218 fragilis,

256 3229 351 3286 Totus
374 3227 502 3286 mundus
524 3232 554 3286 in
577 3231 690 3300 labore,
794 3227 888 3285 Sexus
911 3227 1106 3298 seductibilis,

300 3315 394 3372 Totus
417 3317 447 3371 in
468 3317 611 3389 periculo.
834 3313 920 3369 Vires
942 3313 1054 3389 frangit
1075 3316 1166 3390 impii,

214 3417 242 3480 8.
257 3417 361 3476 Mundi
383 3419 519 3494 languor,
544 3435 626 3474 error
649 3419 722 3488 eius,
749 3415 778 3475 7.
793 3415 868 3484 Ave,
892 3415 982 3490 Virgo
1005 3417 1144 3492 gloriosa.

256 3503 322 3574 Quo
346 3503 448 3560 dolore
471 3503 543 3560 nihil
564 3505 652 3576 peius
791 3500 864 3558 Plus
887 3499 998 3574 obryzo
1019 3505 1162 3576 pretiosa,

170 3603 175 3610 ’
297 3589 378 3647 Nihil
400 3595 462 3646 tam
483 3589 674 3664 pestiferum:
832 3587 982 3660 Fragrans
1006 3579 1105 3661 super*
1118 3587 1197 3644 lilia:

254 3676 358 3733 Hostis
381 3680 477 3732 totum
499 3673 684 3749 possidebat,
790 3670 855 3727 Tibi
870 3665 959 3728 ¹cedit
980 3673 1047 3728 laus
1069 3671 1238 3740 herbarum,

188 3801 191 3806 ·
255 3759 450 3830 Quantum
474 3757 627 3816 diffluebat
743 3831 747 3838 ι
791 3757 910 3812 Florum
934 3757 1026 3814 decor
1041 3763 1072 3814 et
1086 3773 1277 3832 gemmarum,

267 3839 271 3858 '
296 3846 356 3902 Per
377 3846 505 3919 abrupta
528 3843 682 3904 scelerum.
830 3841 997 3918 Liburnique
1021 3844 1123 3918 glorio

211 3947 241 4009 ln
255 3945 396 4004 Nondum
419 3963 521 4005 semen
543 3953 676 4015 venerut,
749 3946 819 4006 8.Ο
841 3947 937 4002 Maria
959 3947 1055 4026 muris³
1072 3945 1168 4012 stelle,

254 4031 341 4104 Quod
362 4032 448 4090 nobis
470 4035 650 4107 promiserat
786 4031 845 4088 Pro
867 4033 1021 4088 conservis
1044 4027 1203 4104 interpella

294 4107 437 4176 Deus‘ab
458 4119 554 4175 initio:
828 4115 894 4191 lugi
916 4134 1006 4190 prece
1028 4116 1168 4172 Filium·
1248 4169 1251 4176 ,
1353 4101 1358 4122 '

254 4201 363 4261 Sumen
386 4221 422 4260 er
444 4203 577 4270 muliere,
789 4199 865 4270 Quis
887 4203 966 4275 iugis
989 4207 1036 4258 est
1058 4201 1200 4266 assultus,

253 4288 324 4346 Sine
346 4290 568 4362 cummopere,
788 4286 873 4360 lupis
893 4291 996 4344 noster
1019 4303 1052 4344 cs
1075 4285 1236 4360 singultus,

296 4374 368 4434 Sine
389 4375 493 4433 mestis
513 4373 594 4430 vilic.
829 4372 867 4428 Et
888 4373 960 4446 iuge
979 4373 1152 4446 suspirium,
1352 4389 1365 4496 1
