2822 5026
630 463 679 538 ss

203 649 269 708 set
297 649 463 716 mmm,
498 665 610 708 unum
645 621 788 724 hymmum
816 649 853 706 sb
884 649 1013 708 Arenio
1049 651 1213 718 exhim-

16 785 19 793 ,
121 733 251 794 mmmm
275 739 324 792 ost
346 732 386 792 ad
408 733 596 794 moenium.
639 736 728 796 Mitto
750 738 889 794 carminis
911 734 1069 804 omilium,
1099 739 1125 795 si
1146 736 1190 796 it-

122 835 230 880 σιω
252 821 403 895 expletam
425 822 557 896 cogites,
586 822 817 896 amplissimum,
847 822 885 878 ab
906 815 1098 880 stornatum
1121 836 1204 882 eos-¹

122 903 282 966 mondino
305 906 442 964 alienum.
487 905 615 964 Gravius
637 912 684 964 est
705 905 788 982 quod
809 903 953 982 parabole
975 903 1079 966 desem
1100 907 1189 984 virgi·

121 991 191 1052 edm
220 991 282 1050 bie
312 1009 330 1047 ι
358 996 449 1066 poete
477 993 640 1066 exponitur.
685 993 820 1066 Hymnus
852 994 905 1069 qui
934 995 1063 1068 priorem
1091 993 1191 1051 looriro

121 1078 238 1138 obtinet
259 1083 292 1134 et
314 1081 395 1134 totns
418 1082 465 1134 est
485 1078 517 1134 in
530 1078 677 1153 virginum
692 1095 811 1154 pompe,
835 1078 1008 1154 parabolem
1043 1080 1187 1152 exposite,

121 1163 206 1223 sidit
235 1161 375 1223 29--82
403 1165 623 1236 parson-etiem
651 1164 824 1224 clausulam.
870 1163 1022 1222 Posterior
1050 1163 1190 1240 hymnos,

121 1265 213 1328 qoem
235 1253 345 1306 norunt
366 1264 401 1304 ee
424 1245 609 1324 distinguunt
630 1247 817 1318 Thomesius,
840 1249 915 1308 liber
932 1249 1117 1318 oxoniensis,
1140 1262 1191 1307 ro-
1243 1309 1246 1317 ,

122 1337 309 1394 iustissimus
331 1333 501 1391 Rhenoviso
525 1333 618 1390 ooder
641 1352 676 1392 ao
698 1331 946 1410 Antiphonsriem
959 1335 1190 1420 Benehoriersm

123 1421 224 1480 moltis
248 1419 389 1494 exemplis
411 1421 532 1494 exponit
554 1419 668 1478 modies
688 1423 784 1478 noetis
801 1427 996 1488 sememontm
1019 1423 1190 1498 inquorum

120 1523 246 1566 numero
270 1509 318 1562 est
339 1505 485 1579 virginum
506 1505 695 1578 prudentium
710 1523 745 1563 so
760 1507 909 1564 istrorum
923 1507 1055 1568 historie.
1101 1507 1189 1582 Equi

120 1593 190 1651 dom
214 1590 286 1650 mihi
308 1607 366 1646 non
387 1591 469 1666 fingo
491 1596 624 1664 poetam,
655 1594 705 1666 qui
734 1593 843 1650 inuno
866 1591 1032 1668 eodemque
1062 1594 1190 1650 otrmine

120 1695 167 1736 vv.
196 1676 323 1735 17-24
344 1680 375 1732 et
396 1675 522 1738 iod—edi
543 1682 665 1733 eantare
685 1679 797 1752 potuit,
827 1678 876 1734 vei
895 1679 949 1752 qui
972 1691 1079 1752 magno
1097 1678 1191 1736 'moer

122 1767 201 1822 ieoto
231 1761 389 1818 intervallo
418 1760 544 1818 eandem
575 1763 752 1819 cantilenam
779 1764 913 1840 requirit.
959 1759 1140 1821 Cosluernnt
1159 1764 1192 1820 in

123 1848 198 1910 libro
221 1847 343 1905 Arentr'
372 1844 430 1902 duo
452 1847 555 1921 hymni
582 1840 732 1915 noctium,
764 1863 889 1924 quorum
910 1853 1037 1924 uterque
1058 1850 1190 1924 virginee

121 1935 281 2011 proponit,
303 1933 333 1988 in
355 1947 461 1999 unum,
485 1931 566 2008 quod
588 1932 773 1990 librariorum
795 1935 908 1998 inem-is
929 1930 1050 2008 saepius
1073 1931 1189 1992 oceidit.

121 2021 157 2078 oi
181 2018 275 2076 Thes.
298 2015 320 2074 1.
343 2035 373 2091 p.
395 2015 446 2076 67.
470 2016 519 2076 91.
1000 2087 1003 2096 Ἢ

212 2105 238 2162 1.
262 2101 296 2159 Β.
322 2101 357 2159 0.
381 2106 563 2176 tempore.
602 2104 636 2159 A.
669 2105 1065 2179 medio-tempore
1104 2103 1188 2164 31.

124 2190 202 2249 deo.
227 2189 258 2246 t.
281 2187 317 2245 A.
342 2192 380 2244 ot
401 2188 497 2245 silio.
521 2188 550 2248 9.
573 2188 608 2246 A.
632 2189 756 2246 medio
778 2193 909 2248 noetis
932 2196 1116 2265 tempore.
1142 2189 1189 2252 to.
1309 2197 1311 2206 ’

7 2343 15 2360 ⁸
119 2275 154 2334 Τ.
178 2276 483 2348 uniusquoque,
521 2274 554 2330 Β.
579 2293 742 2351 quocum
763 2293 790 2335 r.
815 2293 840 2333 e.
878 2275 1189 2354 liquoremque.

116 2357 300 2438 Legendum
321 2373 394 2434 quo
418 2375 506 2416 oum.
545 2360 773 2436 Apergerrs
796 2379 823 2420 v.
846 2377 873 2418 e.
914 2363 961 2419 ii.
984 2362 1018 2418 T.
1042 2355 1190 2436 Aegyp-

116 2454 201 2506 tum
230 2449 400 2502 mortem.
444 2444 478 2499 Β.
506 2445 692 2520 Aegypto
729 2451 896 2504 mortem.
941 2448 977 2503 A.
1008 2449 1192 2524 Aegypto

119 2536 291 2591 mortem
312 2530 499 2586 inferens.
534 2531 581 2589 ¹32
605 2531 638 2587 Β.
662 2532 787 2590 Iustis
809 2533 911 2590 hors.
935 2534 971 2589 A.
994 2533 1130 2590 Iustus
1153 2538 1192 2590 et

117 2618 245 2676 solus.
286 2616 332 2672 14.
356 2614 389 2670 B.
414 2617 701 2690 etquosid'em.
740 2619 775 2674 A.
801 2621 1009 2688 soricius,
1038 2619 1191 2676 Neolein

117 2701 424 2782 quadeviotus.
466 2700 512 2758 15.
543 2701 578 2758 A.
602 2703 685 2760 suit.
727 2705 773 2762 18.
796 2703 830 2758 B.
854 2703 887 2760 T.
911 2709 1117 2762 tentorum.
1155 2704 1189 2760 Β.

117 2771 189 2848 dir'o
213 2787 357 2842 funere.
382 2786 431 2845 21.
455 2783 491 2842 0.
514 2785 547 2841 Β.
569 2801 671 2844 vero.
703 2787 753 2848 22.
770 2789 809 2844 Β.
832 2789 1033 2846 laetemur.
1057 2789 1093 2846 A.
1116 2789 1191 2846 lso·

117 2877 270 2933 tentur.
295 2871 343 2930 23.
360 2872 396 2936 A.
420 2870 573 2928 hostem
594 2879 911 2946 prosternentes.
935 2875 984 2935 24.
1002 2874 1037 2934 Ο.
1053 2875 1087 2931 Β.
1103 2874 1138 2932 Β.
1154 2875 1190 2931 A.
1284 2879 1286 2890 ⁴

119 2958 301 3025 defensi,
324 2955 406 3032 quod
426 2957 637 3030 recipiendum.
670 2959 721 3018 25.
744 2960 780 3016 A.
804 2961 935 3018 noctis
957 2959 1081 3018 medio
1104 2965 1192 3017 tem-

123 3061 229 3123 pore.
254 3041 306 3103 26.
323 3041 444 3116 Aper
464 3059 560 3099 voce
583 3047 826 3120 evangelica.
850 3045 900 3106 29.
918 3045 952 3102 A.
971 3051 1191 3104 occurrent.

125 3131 174 3189 31.
197 3129 236 3185 A.
262 3127 306 3184 cl.
330 3131 428 3201 gest.
452 3125 471 3182 l.
495 3127 604 3186 33.¹A.
629 3136 668 3186 et
690 3133 842 3188 stultae
864 3133 972 3188 soris.
1004 3131 1053 3190 34.
1078 3133 1113 3190 A.
1138 3147 1193 3190 er-

125 3217 312 3273 stinetos.
357 3211 390 3268 Β.
420 3212 632 3286 lampades.
678 3215 726 3274 35.
757 3215 791 3272 B.
821 3219 968 3274 ianuas.
1014 3217 1063 3276 36.
1093 3217 1127 3274 Β.
1155 3216 1190 3274 A.
1307 3283 1311 3292 ,

124 3303 292 3359 clausae
312 3301 356 3370 ζ·-
376 3299 521 3372 regiae.
567 3299 616 3357 37.
640 3301 673 3356 Β.
697 3300 730 3356 Τ.
755 3302 790 3357 A.
822 3317 942 3378 quere
970 3304 1190 3378 vigilemus.

124 3388 176 3446 38.
192 3385 228 3442 Τ.
245 3382 481 3465 splendidos
502 3401 644 3442 manus.
668 3388 703 3442 A.
721 3393 877 3445 stantes
898 3389 1043 3444 lumine
1065 3389 1193 3462 splen·

124 3470 219 3541 didi.
264 3469 314 3529 39.
338 3469 372 3525 Β.
395 3467 584 3526 adventui
606 3477 655 3527 ut.
701 3473 736 3528 A.
760 3479 800 3530 ut
826 3469 1190 3534 adveniente'desu.

105 3557 174 3616 ¹4³1.
199 3555 235 3612 R.
259 3555 295 3612 0.
318 3556 530 3628 noctisque
552 3556 709 3614 mediae.
754 3558 790 3614 A.
814 3558 947 3615 medio.
992 3559 1026 3614 Β.
1049 3560 1179 3624 noetis

127 3660 199 3718 que
222 3639 365 3708 medio,
389 3639 471 3715 quod
490 3641 651 3700 tenendum
665 3643 790 3702 videtur.
815 3645 864 3702 43.
881 3645 916 3702 A.
940 3662 1009 3718 pro
1033 3644 1192 3702 Christo

126 3729 260 3794 rinoti.
305 3725 447 3784 Fortasse
476 3725 636 3802 legendum
665 3728 835 3798 detrusi,
865 3735 989 3804 propter
1014 3735 1141 3788 metrum
1163 3736 1194 3790 et

62 3805 64 3813 ’
125 3815 226 3871 locum
248 3810 398 3868 Ambrosii
420 3811 495 3867 infra
518 3813 713 3870 excitandum.
737 3815 787 3872 44.
803 3815 839 3871 A.
855 3813 1067 3873 laudantes
1089 3834 1192 3874 reso·
1313 3802 1319 3820 ‘

126 3901 201 3956 luti
225 3901 324 3954 sunt.
360 3895 493 3978 46748.
518 3897 551 3954 A.
569 3896 732 3982 ¹*resolve
756 3900 915 3958 Christe
937 3903 1111 3972 vinculo,
1134 3921 1193 3963 no·

127 3990 211 4042 stra
232 3983 370 4042 relaxo
392 3983 570 4050 crimina,
594 3986 630 4040 in
652 3990 689 4042 te
711 3993 847 4043 sancte
864 3987 1117 4046 credentium.
1140 3989 1193 4048 ts.

126 4070 159 4126 Β.
183 4073 333 4127 sancte.
365 4065 413 4125 50.
437 4067 470 4122 Β.
494 4067 618 4126 futuri
639 4099 682 4108 -
704 4071 841 4146 gloria.
878 4071 913 4128 A.
937 4077 1128 4144 venturae
1149 4101 1193 4110 -

127 4156 289 4228 gloriae.
336 4152 385 4211 51.
408 4151 444 4209 Α.
467 4159 509 4210 ut
537 4159 715 4212 aeternis
744 4173 781 4212 m.
811 4157 845 4213 B.
877 4156 960 4215 addit
989 4158 1191 4232 doxologiam:

129 4239 264 4297 Gloria
292 4239 399 4313 patri
427 4239 624 4314 ingenito,
662 4243 792 4317 glorie
820 4246 1046 4318 unigenito,
1077 4245 1192 4299 simul
1239 4299 1241 4307 ,

130 4342 207 4382 oum
230 4329 372 4383 saneto
395 4325 540 4397 spiritu
563 4327 599 4382 in
623 4329 866 4402 sempiterna
890 4329 1059 4386 saeculo.

209 4411 289 4468 Puto
318 4411 460 4483 hymnum
489 4410 526 4465 ab
550 4411 711 4470 Ambrosio'
737 4419 888 4471 cantatum
918 4431 986 4471 esse
1016 4431 1073 4470 non
1097 4413 1193 4472 solum
