<?xml version="1.0" encoding="UTF-8"?>
<!DOCTYPE html PUBLIC "-//W3C//DTD XHTML 1.0 Transitional//EN"
    "http://www.w3.org/TR/xhtml1/DTD/xhtml1-transitional.dtd">
<html xmlns="http://www.w3.org/1999/xhtml" xml:lang="en" lang="en">
 <head>
  <title>
</title>
<meta http-equiv="Content-Type" content="text/html;charset=utf-8" />
  <meta name='ocr-system' content='tesseract 3.04.00' />
  <meta name='ocr-capabilities' content='ocr_page ocr_carea ocr_par ocr_line ocrx_word'/>
</head>
<body>
  <div class='ocr_page' id='page_1' title='image "./thesaurushymnol04danigoog/thesaurushymnol04danigoog_0444.png"; bbox 0 0 2848 5030; ppageno 0'>
   <div class='ocr_carea' id='block_1_1' title="bbox 320 611 1302 689">
    <p class='ocr_par' dir='ltr' id='par_1_1' title="bbox 320 611 1302 689">
     <span class='ocr_line' id='line_1_1' title="bbox 320 611 1302 689; baseline -0.001 -17"><span class='ocrx_word' id='word_1_1' title='bbox 320 615 503 689; x_wconf 80' lang='lat' dir='ltr'><strong>Ceteroquin</strong></span> <span class='ocrx_word' id='word_1_2' title='bbox 534 631 593 675; x_wconf 87' lang='lat' dir='ltr'><strong>non</strong></span> <span class='ocrx_word' id='word_1_3' title='bbox 620 611 816 673; x_wconf 83' lang='lat' dir='ltr'><strong>omittendum</strong></span> <span class='ocrx_word' id='word_1_4' title='bbox 850 616 911 680; x_wconf 87' lang='lat' dir='ltr'><strong>eat,</strong></span> <span class='ocrx_word' id='word_1_5' title='bbox 944 613 1132 687; x_wconf 71' lang='lat' dir='ltr'><strong>saqueumm</strong></span> <span class='ocrx_word' id='word_1_6' title='bbox 1165 615 1302 672; x_wconf 85' lang='lat' dir='ltr'><strong>amultia</strong></span> 
     </span>
    </p>
   </div>
   <div class='ocr_carea' id='block_1_2' title="bbox 81 698 1388 784">
    <p class='ocr_par' dir='ltr' id='par_1_2' title="bbox 81 698 1388 784">
     <span class='ocr_line' id='line_1_2' title="bbox 81 698 1388 784; baseline -0.005 -26"><span class='ocrx_word' id='word_1_7' title='bbox 81 777 84 784; x_wconf 25' lang='grc' dir='ltr'><strong><em>Ι</em></strong></span> <span class='ocrx_word' id='word_1_8' title='bbox 123 731 140 754; x_wconf 53' lang='grc' dir='ltr'>κ</span> <span class='ocrx_word' id='word_1_9' title='bbox 235 702 338 776; x_wconf 77' lang='lat' dir='ltr'><strong>hymni</strong></span> <span class='ocrx_word' id='word_1_10' title='bbox 359 701 427 756; x_wconf 88' lang='lat' dir='ltr'><strong>loco</strong></span> <span class='ocrx_word' id='word_1_11' title='bbox 448 705 624 773; x_wconf 74' lang='lat' dir='ltr'><strong>usurpatam</strong></span> <span class='ocrx_word' id='word_1_12' title='bbox 639 715 716 756; x_wconf 86' lang='lat' dir='ltr'><strong>esse.</strong></span> <span class='ocrx_word' id='word_1_13' title='bbox 759 698 878 756; x_wconf 86' lang='lat' dir='ltr'><strong>Manius</strong></span> <span class='ocrx_word' id='word_1_14' title='bbox 894 713 961 756; x_wconf 85' lang='lat' dir='ltr'><strong>eam</strong></span> <span class='ocrx_word' id='word_1_15' title='bbox 975 699 1168 772; x_wconf 71' lang='lat' dir='ltr'><strong>investigavit</strong></span> <span class='ocrx_word' id='word_1_16' title='bbox 1188 701 1221 756; x_wconf 89' lang='lat' dir='ltr'><strong>iu</strong></span> <span class='ocrx_word' id='word_1_17' title='bbox 1235 699 1302 756; x_wconf 80' lang='lat' dir='ltr'><strong>Bre</strong></span> <span class='ocrx_word' id='word_1_18' title='bbox 1387 749 1388 752; x_wconf 74' lang='grc'>,</span> 
     </span>
    </p>
   </div>
   <div class='ocr_carea' id='block_1_3' title="bbox 234 782 1303 932">
    <p class='ocr_par' dir='ltr' id='par_1_3' title="bbox 234 782 1303 932">
     <span class='ocr_line' id='line_1_3' title="bbox 234 782 1303 860; baseline -0.004 -14"><span class='ocrx_word' id='word_1_19' title='bbox 234 788 336 846; x_wconf 73' lang='lat' dir='ltr'><strong>mariis</strong></span> <span class='ocrx_word' id='word_1_20' title='bbox 359 791 390 842; x_wconf 92' lang='lat' dir='ltr'><strong>et</strong></span> <span class='ocrx_word' id='word_1_21' title='bbox 410 784 579 844; x_wconf 85' lang='lat' dir='ltr'><strong>Psalteriis:</strong></span> <span class='ocrx_word' id='word_1_22' title='bbox 618 790 648 842; x_wconf 90' lang='lat' dir='ltr'><strong>et</strong></span> <span class='ocrx_word' id='word_1_23' title='bbox 683 801 741 858; x_wconf 87' lang='lat' dir='ltr'><strong>ego</strong></span> <span class='ocrx_word' id='word_1_24' title='bbox 774 784 844 860; x_wconf 86' lang='lat' dir='ltr'><strong>lego</strong></span> <span class='ocrx_word' id='word_1_25' title='bbox 877 799 997 842; x_wconf 86' lang='lat' dir='ltr'><strong>carmen</strong></span> <span class='ocrx_word' id='word_1_26' title='bbox 1029 782 1061 842; x_wconf 92' lang='lat' dir='ltr'><strong>in</strong></span> <span class='ocrx_word' id='word_1_27' title='bbox 1084 783 1303 843; x_wconf 81' lang='lat' dir='ltr'><strong>Constantiemi</strong></span> 
     </span>
     <span class='ocr_line' id='line_1_4' title="bbox 236 872 397 932; baseline -0.031 -1"><span class='ocrx_word' id='word_1_28' title='bbox 236 872 397 932; x_wconf 87' lang='lat' dir='ltr'><strong>Breviario.</strong></span> 
     </span>
    </p>
   </div>
   <div class='ocr_carea' id='block_1_4' title="bbox 218 1081 1378 1517">
    <p class='ocr_par' dir='ltr' id='par_1_4' title="bbox 218 1081 1302 1250">
     <span class='ocr_line' id='line_1_5' title="bbox 323 1081 1302 1163; baseline -0.003 -10"><span class='ocrx_word' id='word_1_29' title='bbox 323 1093 373 1153; x_wconf 77' lang='lat'><strong>23.</strong></span> <span class='ocrx_word' id='word_1_30' title='bbox 398 1081 483 1163; x_wconf 79' lang='lat' dir='ltr'><strong>[laic</strong></span> <span class='ocrx_word' id='word_1_31' title='bbox 518 1081 602 1147; x_wconf 80' lang='lat' dir='ltr'><strong>dies·</strong></span> <span class='ocrx_word' id='word_1_32' title='bbox 630 1081 778 1148; x_wconf 79' lang='lat' dir='ltr'><strong>celebria</strong></span> <span class='ocrx_word' id='word_1_33' title='bbox 801 1085 947 1150; x_wconf 80' lang='lat' dir='ltr'><strong>constal.</strong></span> <span class='ocrx_word' id='word_1_34' title='bbox 991 1089 1097 1150; x_wconf 75' lang='lat' dir='ltr'><strong>Altera</strong></span> <span class='ocrx_word' id='word_1_35' title='bbox 1125 1091 1206 1150; x_wconf 81' lang='lat' dir='ltr'><strong>bonu</strong></span> <span class='ocrx_word' id='word_1_36' title='bbox 1228 1093 1256 1150; x_wconf 84' lang='lat' dir='ltr'><strong>S.</strong></span> <span class='ocrx_word' id='word_1_37' title='bbox 1276 1093 1302 1150; x_wconf 85' lang='lat' dir='ltr'><strong>b.</strong></span> 
     </span>
     <span class='ocr_line' id='line_1_6' title="bbox 218 1171 1301 1250; baseline 0 -14"><span class='ocrx_word' id='word_1_38' title='bbox 218 1177 403 1246; x_wconf 79' lang='lat' dir='ltr'><strong>-Notlreri,</strong></span> <span class='ocrx_word' id='word_1_39' title='bbox 426 1177 456 1232; x_wconf 92' lang='lat' dir='ltr'><strong>in</strong></span> <span class='ocrx_word' id='word_1_40' title='bbox 471 1174 611 1235; x_wconf 86' lang='lat' dir='ltr'><strong>Octava</strong></span> <span class='ocrx_word' id='word_1_41' title='bbox 625 1175 864 1250; x_wconf 80' lang='lat' dir='ltr'>Epiphaniae,</span> <span class='ocrx_word' id='word_1_42' title='bbox 882 1175 974 1232; x_wconf 87' lang='lat' dir='ltr'><strong>tituli:</strong></span> <span class='ocrx_word' id='word_1_43' title='bbox 996 1175 1126 1236; x_wconf 85' lang='lat' dir='ltr'><strong>Planta</strong></span> <span class='ocrx_word' id='word_1_44' title='bbox 1140 1171 1301 1250; x_wconf 80' lang='lat' dir='ltr'><strong>sterilia]</strong></span> 
     </span>
    </p>

    <p class='ocr_par' dir='ltr' id='par_1_5' title="bbox 238 1259 1378 1517">
     <span class='ocr_line' id='line_1_7' title="bbox 322 1259 1303 1338; baseline 0.001 -19"><span class='ocrx_word' id='word_1_45' title='bbox 322 1262 412 1319; x_wconf 85' lang='lat' dir='ltr'><strong>Thes.</strong></span> <span class='ocrx_word' id='word_1_46' title='bbox 433 1261 471 1317; x_wconf 87' lang='lat'><strong>11.</strong></span> <span class='ocrx_word' id='word_1_47' title='bbox 495 1259 544 1322; x_wconf 80' lang='lat'><strong>55.</strong></span> <span class='ocrx_word' id='word_1_48' title='bbox 589 1259 679 1318; x_wconf 85' lang='lat' dir='ltr'><strong>Mane</strong></span> <span class='ocrx_word' id='word_1_49' title='bbox 698 1261 720 1320; x_wconf 87' lang='lat'><strong>1.</strong></span> <span class='ocrx_word' id='word_1_50' title='bbox 742 1281 771 1336; x_wconf 90' lang='lat' dir='ltr'><strong>p.</strong></span> <span class='ocrx_word' id='word_1_51' title='bbox 789 1261 838 1319; x_wconf 88' lang='lat'><strong>81.</strong></span> <span class='ocrx_word' id='word_1_52' title='bbox 882 1261 1000 1319; x_wconf 80' lang='lat' dir='ltr'><strong>Titulus</strong></span> <span class='ocrx_word' id='word_1_53' title='bbox 1021 1265 1078 1320; x_wconf 89' lang='lat' dir='ltr'><strong>nisi</strong></span> <span class='ocrx_word' id='word_1_54' title='bbox 1099 1263 1188 1320; x_wconf 81' lang='lat' dir='ltr'><strong>fallor</strong></span> <span class='ocrx_word' id='word_1_55' title='bbox 1210 1280 1303 1338; x_wconf 88' lang='lat' dir='ltr'><strong>neque</strong></span> 
     </span>
     <span class='ocr_line' id='line_1_8' title="bbox 238 1347 1378 1423; baseline -0.002 -17"><span class='ocrx_word' id='word_1_56' title='bbox 238 1367 273 1406; x_wconf 86' lang='lat' dir='ltr'><strong>ex</strong></span> <span class='ocrx_word' id='word_1_57' title='bbox 303 1348 362 1405; x_wconf 90' lang='lat' dir='ltr'><strong>hac</strong></span> <span class='ocrx_word' id='word_1_58' title='bbox 392 1348 548 1423; x_wconf 86' lang='lat' dir='ltr'><strong>sequentia</strong></span> <span class='ocrx_word' id='word_1_59' title='bbox 576 1364 674 1422; x_wconf 86' lang='lat' dir='ltr'><strong>neque</strong></span> <span class='ocrx_word' id='word_1_60' title='bbox 708 1364 744 1404; x_wconf 83' lang='lat' dir='ltr'><strong>er</strong></span> <span class='ocrx_word' id='word_1_61' title='bbox 765 1347 860 1404; x_wconf 86' lang='lat' dir='ltr'><strong>altera</strong></span> <span class='ocrx_word' id='word_1_62' title='bbox 889 1347 944 1404; x_wconf 88' lang='lat' dir='ltr'><strong>No.</strong></span> <span class='ocrx_word' id='word_1_63' title='bbox 967 1347 1016 1406; x_wconf 85' lang='grc'><strong>86.</strong></span> <span class='ocrx_word' id='word_1_64' title='bbox 1039 1347 1220 1408; x_wconf 73' lang='lat' dir='ltr'><strong>derivandae</strong></span> <span class='ocrx_word' id='word_1_65' title='bbox 1252 1355 1302 1406; x_wconf 85' lang='lat' dir='ltr'><strong>est.</strong></span> <span class='ocrx_word' id='word_1_66' title='bbox 1374 1377 1378 1392; x_wconf 88' lang='lat'><strong>·</strong></span> 
     </span>
     <span class='ocr_line' id='line_1_9' title="bbox 238 1431 980 1517; baseline -0.003 -23"><span class='ocrx_word' id='word_1_67' title='bbox 238 1434 411 1512; x_wconf 78' lang='lat' dir='ltr'><strong>Signilicare</strong></span> <span class='ocrx_word' id='word_1_68' title='bbox 432 1431 551 1494; x_wconf 86' lang='lat' dir='ltr'><strong>videtur</strong></span> <span class='ocrx_word' id='word_1_69' title='bbox 573 1432 765 1517; x_wconf 76' lang='lat' dir='ltr'><strong>sequentiam</strong></span> <span class='ocrx_word' id='word_1_70' title='bbox 788 1431 980 1508; x_wconf 78' lang='lat' dir='ltr'><strong>deperditam.</strong></span> 
     </span>
    </p>
   </div>
   <div class='ocr_carea' id='block_1_5' title="bbox 239 1729 1392 1904">
    <p class='ocr_par' dir='ltr' id='par_1_6' title="bbox 239 1729 1392 1904">
     <span class='ocr_line' id='line_1_10' title="bbox 324 1729 1304 1812; baseline -0.015 0"><span class='ocrx_word' id='word_1_71' title='bbox 324 1741 374 1801; x_wconf 67' lang='lat'><strong>24.</strong></span> <span class='ocrx_word' id='word_1_72' title='bbox 400 1729 594 1812; x_wconf 71' lang='lat' dir='ltr'><strong>[Materiae</strong></span> <span class='ocrx_word' id='word_1_73' title='bbox 626 1735 891 1800; x_wconf 70' lang='lat' dir='ltr'><strong>sacrosanctae.</strong></span> <span class='ocrx_word' id='word_1_74' title='bbox 936 1740 981 1798; x_wconf 84' lang='lat' dir='ltr'><strong>De</strong></span> <span class='ocrx_word' id='word_1_75' title='bbox 1003 1739 1135 1798; x_wconf 81' lang='lat' dir='ltr'><strong>Tribus</strong></span> <span class='ocrx_word' id='word_1_76' title='bbox 1159 1741 1304 1800; x_wconf 79' lang='lat' dir='ltr'><strong>Sanctis</strong></span> 
     </span>
     <span class='ocr_line' id='line_1_11' title="bbox 239 1819 1392 1904; baseline -0.02 -20"><span class='ocrx_word' id='word_1_77' title='bbox 239 1825 406 1904; x_wconf 81' lang='lat' dir='ltr'><strong>Regibus.</strong></span> <span class='ocrx_word' id='word_1_78' title='bbox 451 1825 479 1882; x_wconf 88' lang='lat' dir='ltr'><strong>S.</strong></span> <span class='ocrx_word' id='word_1_79' title='bbox 505 1825 608 1900; x_wconf 83' lang='lat' dir='ltr'><strong>pulcra</strong></span> <span class='ocrx_word' id='word_1_80' title='bbox 630 1830 660 1882; x_wconf 89' lang='lat' dir='ltr'><strong>et</strong></span> <span class='ocrx_word' id='word_1_81' title='bbox 682 1819 814 1901; x_wconf 89' lang='lat' dir='ltr'><strong>optima]</strong></span> <span class='ocrx_word' id='word_1_82' title='bbox 919 1843 921 1849; x_wconf 64' lang='grc'><em>’</em></span> <span class='ocrx_word' id='word_1_83' title='bbox 1266 1821 1270 1826; x_wconf 92' lang='grc'><strong><em>·</em></strong></span> <span class='ocrx_word' id='word_1_84' title='bbox 1391 1834 1392 1842; x_wconf 24' lang='grc' dir='ltr'><strong>κ</strong></span> 
     </span>
    </p>
   </div>
   <div class='ocr_carea' id='block_1_6' title="bbox 301 1945 1392 2022">
    <p class='ocr_par' dir='ltr' id='par_1_7' title="bbox 301 1945 1392 2022">
     <span class='ocr_line' id='line_1_12' title="bbox 301 1945 1392 2022; baseline -0.001 -18"><span class='ocrx_word' id='word_1_85' title='bbox 301 1946 454 2004; x_wconf 87' lang='lat' dir='ltr'><strong>Maiestati</strong></span> <span class='ocrx_word' id='word_1_86' title='bbox 477 1951 688 2004; x_wconf 77' lang='lat' dir='ltr'><strong>sacrosanctae</strong></span> <span class='ocrx_word' id='word_1_87' title='bbox 837 1945 992 2022; x_wconf 79' lang='lat' dir='ltr'><strong>Myrrham</strong></span> <span class='ocrx_word' id='word_1_88' title='bbox 1025 1948 1139 2016; x_wconf 81' lang='lat' dir='ltr'><strong>ierunt,</strong></span> <span class='ocrx_word' id='word_1_89' title='bbox 1177 1947 1249 2006; x_wconf 85' lang='lat' dir='ltr'><strong>thus</strong></span> <span class='ocrx_word' id='word_1_90' title='bbox 1278 1951 1305 2003; x_wconf 91' lang='lat' dir='ltr'><strong>et</strong></span> <span class='ocrx_word' id='word_1_91' title='bbox 1391 1957 1392 1982; x_wconf 48' lang='lat' dir='ltr'><strong>i</strong></span> 
     </span>
    </p>
   </div>
   <div class='ocr_carea' id='block_1_7' title="bbox 216 2031 1306 2528">
    <p class='ocr_par' dir='ltr' id='par_1_8' title="bbox 302 2031 1194 2106">
     <span class='ocr_line' id='line_1_13' title="bbox 302 2031 1194 2106; baseline 0.006 -18"><span class='ocrx_word' id='word_1_92' title='bbox 302 2031 431 2088; x_wconf 90' lang='lat' dir='ltr'><strong>militans</strong></span> <span class='ocrx_word' id='word_1_93' title='bbox 454 2047 521 2086; x_wconf 88' lang='lat' dir='ltr'><strong>cum</strong></span> <span class='ocrx_word' id='word_1_94' title='bbox 543 2031 744 2106; x_wconf 87' lang='lat' dir='ltr'><strong>triumphante</strong></span> <span class='ocrx_word' id='word_1_95' title='bbox 1080 2051 1194 2102; x_wconf 85' lang='lat' dir='ltr'><strong>aarum,</strong></span> 
     </span>
    </p>

    <p class='ocr_par' dir='ltr' id='par_1_9' title="bbox 302 2115 1306 2196">
     <span class='ocr_line' id='line_1_14' title="bbox 302 2115 1306 2196; baseline 0.002 -22"><span class='ocrx_word' id='word_1_96' title='bbox 302 2117 408 2174; x_wconf 90' lang='lat' dir='ltr'><strong>iubilet</strong></span> <span class='ocrx_word' id='word_1_97' title='bbox 429 2115 579 2173; x_wconf 87' lang='lat' dir='ltr'><strong>Ecclesia:</strong></span> <span class='ocrx_word' id='word_1_98' title='bbox 774 2115 815 2176; x_wconf 89' lang='grc'><strong>26</strong></span> <span class='ocrx_word' id='word_1_99' title='bbox 838 2117 906 2190; x_wconf 87' lang='lat' dir='ltr'><strong>plus</strong></span> <span class='ocrx_word' id='word_1_100' title='bbox 927 2123 1099 2193; x_wconf 87' lang='lat' dir='ltr'><strong>pensantes,</strong></span> <span class='ocrx_word' id='word_1_101' title='bbox 1131 2136 1224 2196; x_wconf 85' lang='lat' dir='ltr'><strong>quam</strong></span> <span class='ocrx_word' id='word_1_102' title='bbox 1245 2118 1306 2176; x_wconf 86' lang='lat' dir='ltr'><strong>the·</strong></span> 
     </span>
    </p>

    <p class='ocr_par' dir='ltr' id='par_1_10' title="bbox 304 2201 1254 2273">
     <span class='ocr_line' id='line_1_15' title="bbox 304 2201 1254 2273; baseline 0.001 -14"><span class='ocrx_word' id='word_1_103' title='bbox 304 2204 347 2260; x_wconf 88' lang='lat' dir='ltr'><strong>sic</strong></span> <span class='ocrx_word' id='word_1_104' title='bbox 369 2206 507 2261; x_wconf 81' lang='lat' dir='ltr'><strong>versetur</strong></span> <span class='ocrx_word' id='word_1_105' title='bbox 528 2201 593 2258; x_wconf 87' lang='lat' dir='ltr'><strong>laus</strong></span> <span class='ocrx_word' id='word_1_106' title='bbox 616 2203 647 2259; x_wconf 93' lang='lat' dir='ltr'><strong>in</strong></span> <span class='ocrx_word' id='word_1_107' title='bbox 668 2220 729 2270; x_wconf 88' lang='lat' dir='ltr'><strong>ore,</strong></span> <span class='ocrx_word' id='word_1_108' title='bbox 1080 2221 1213 2273; x_wconf 86' lang='lat' dir='ltr'><strong>saurum,</strong></span> <span class='ocrx_word' id='word_1_109' title='bbox 1250 2237 1254 2242; x_wconf 93' lang='lat'><em>-</em></span> 
     </span>
    </p>

    <p class='ocr_par' dir='ltr' id='par_1_11' title="bbox 216 2287 1268 2366">
     <span class='ocr_line' id='line_1_16' title="bbox 216 2287 1268 2366; baseline 0.002 -20"><span class='ocrx_word' id='word_1_110' title='bbox 216 2355 222 2366; x_wconf 31' lang='lat'>⁸</span> <span class='ocrx_word' id='word_1_111' title='bbox 262 2287 341 2346; x_wconf 74' lang='lat' dir='ltr'><strong>dne</strong></span> <span class='ocrx_word' id='word_1_112' title='bbox 364 2292 506 2362; x_wconf 84' lang='lat' dir='ltr'><strong>gravetur</strong></span> <span class='ocrx_word' id='word_1_113' title='bbox 528 2304 580 2344; x_wconf 89' lang='lat' dir='ltr'><strong>cor</strong></span> <span class='ocrx_word' id='word_1_114' title='bbox 601 2291 733 2362; x_wconf 87' lang='lat' dir='ltr'><strong>torpore,</strong></span> <span class='ocrx_word' id='word_1_115' title='bbox 838 2293 957 2362; x_wconf 88' lang='lat' dir='ltr'><strong>typum,</strong></span> <span class='ocrx_word' id='word_1_116' title='bbox 982 2287 1036 2346; x_wconf 88' lang='lat' dir='ltr'><strong>sub</strong></span> <span class='ocrx_word' id='word_1_117' title='bbox 1059 2307 1119 2364; x_wconf 89' lang='lat' dir='ltr'><strong>quo</strong></span> <span class='ocrx_word' id='word_1_118' title='bbox 1141 2292 1268 2357; x_wconf 73' lang='lat' dir='ltr'><strong>veritam</strong></span> 
     </span>
    </p>

    <p class='ocr_par' dir='ltr' id='par_1_12' title="bbox 304 2371 1293 2528">
     <span class='ocr_line' id='line_1_17' title="bbox 304 2371 1267 2450; baseline 0.001 -20"><span class='ocrx_word' id='word_1_119' title='bbox 304 2371 385 2450; x_wconf 91' lang='lat' dir='ltr'><strong>quod</strong></span> <span class='ocrx_word' id='word_1_120' title='bbox 408 2371 551 2448; x_wconf 87' lang='lat' dir='ltr'><strong>degustet</strong></span> <span class='ocrx_word' id='word_1_121' title='bbox 573 2371 691 2448; x_wconf 88' lang='lat' dir='ltr'><strong>gaudia.</strong></span> <span class='ocrx_word' id='word_1_122' title='bbox 714 2406 716 2409; x_wconf 80' lang='grc'><em>·</em></span> <span class='ocrx_word' id='word_1_123' title='bbox 841 2374 920 2431; x_wconf 83' lang='lat' dir='ltr'><strong>trina</strong></span> <span class='ocrx_word' id='word_1_124' title='bbox 942 2372 1028 2442; x_wconf 89' lang='lat' dir='ltr'><strong>dona,</strong></span> <span class='ocrx_word' id='word_1_125' title='bbox 1051 2381 1114 2432; x_wconf 88' lang='lat' dir='ltr'><strong>tres</strong></span> <span class='ocrx_word' id='word_1_126' title='bbox 1137 2376 1267 2450; x_wconf 87' lang='lat' dir='ltr'><strong>figurae:</strong></span> 
     </span>
     <span class='ocr_line' id='line_1_18' title="bbox 838 2460 1293 2528; baseline 0.004 -12"><span class='ocrx_word' id='word_1_127' title='bbox 838 2475 890 2516; x_wconf 87' lang='lat' dir='ltr'><strong>rex</strong></span> <span class='ocrx_word' id='word_1_128' title='bbox 904 2461 934 2516; x_wconf 91' lang='lat' dir='ltr'><strong>in</strong></span> <span class='ocrx_word' id='word_1_129' title='bbox 950 2476 1032 2528; x_wconf 89' lang='lat' dir='ltr'><strong>auro,</strong></span> <span class='ocrx_word' id='word_1_130' title='bbox 1054 2460 1136 2518; x_wconf 88' lang='lat' dir='ltr'><strong>Deus</strong></span> <span class='ocrx_word' id='word_1_131' title='bbox 1151 2462 1182 2518; x_wconf 89' lang='lat' dir='ltr'><strong>in</strong></span> <span class='ocrx_word' id='word_1_132' title='bbox 1196 2461 1293 2528; x_wconf 88' lang='lat' dir='ltr'><strong>thure,</strong></span> 
     </span>
    </p>
   </div>
   <div class='ocr_carea' id='block_1_8' title="bbox 304 2544 1213 2654">
    <p class='ocr_par' dir='ltr' id='par_1_13' title="bbox 304 2544 1213 2654">
     <span class='ocr_line' id='line_1_19' title="bbox 304 2544 1213 2654; baseline -0.022 -30"><span class='ocrx_word' id='word_1_133' title='bbox 304 2579 421 2636; x_wconf 68' lang='lat' dir='ltr'><strong>Novum</strong></span> <span class='ocrx_word' id='word_1_134' title='bbox 441 2579 520 2653; x_wconf 58' lang='lat' dir='ltr'><strong>Pal-pt</strong></span> <span class='ocrx_word' id='word_1_135' title='bbox 542 2579 626 2654; x_wconf 62' lang='lat' dir='ltr'><strong>virgo</strong></span> <span class='ocrx_word' id='word_1_136' title='bbox 649 2579 762 2647; x_wconf 53' lang='lat' dir='ltr'>florem,</span> <span class='ocrx_word' id='word_1_137' title='bbox 838 2545 869 2602; x_wconf 87' lang='lat' dir='ltr'><strong>in</strong></span> <span class='ocrx_word' id='word_1_138' title='bbox 891 2544 1014 2620; x_wconf 79' lang='lat' dir='ltr'><strong>myrrha</strong></span> <span class='ocrx_word' id='word_1_139' title='bbox 1034 2546 1213 2604; x_wconf 84' lang='lat' dir='ltr'><strong>mortalitas.</strong></span> 
     </span>
    </p>
   </div>
   <div class='ocr_carea' id='block_1_9' title="bbox 245 2663 1268 2912">
    <p class='ocr_par' dir='ltr' id='par_1_14' title="bbox 245 2663 1268 2912">
     <span class='ocr_line' id='line_1_20' title="bbox 304 2663 1220 2735; baseline 0.001 -14"><span class='ocrx_word' id='word_1_140' title='bbox 304 2682 413 2722; x_wconf 89' lang='lat' dir='ltr'><strong>novum</strong></span> <span class='ocrx_word' id='word_1_141' title='bbox 421 2669 566 2722; x_wconf 85' lang='lat' dir='ltr'><strong>monstrat</strong></span> <span class='ocrx_word' id='word_1_142' title='bbox 575 2663 662 2722; x_wconf 87' lang='lat' dir='ltr'><strong>stella</strong></span> <span class='ocrx_word' id='word_1_143' title='bbox 671 2665 772 2732; x_wconf 84' lang='lat' dir='ltr'><strong>solem3</strong></span> <span class='ocrx_word' id='word_1_144' title='bbox 782 2664 822 2723; x_wconf 82' lang='lat'><strong>25</strong></span> <span class='ocrx_word' id='word_1_145' title='bbox 839 2663 948 2722; x_wconf 84' lang='lat' dir='ltr'><strong>Thuris</strong></span> <span class='ocrx_word' id='word_1_146' title='bbox 971 2664 1044 2721; x_wconf 90' lang='lat' dir='ltr'><strong>odor</strong></span> <span class='ocrx_word' id='word_1_147' title='bbox 1067 2663 1220 2735; x_wconf 86' lang='lat' dir='ltr'><strong>deitatem,</strong></span> 
     </span>
     <span class='ocr_line' id='line_1_21' title="bbox 306 2749 1268 2840; baseline 0.002 -34"><span class='ocrx_word' id='word_1_148' title='bbox 306 2755 428 2840; x_wconf 68' lang='lat' dir='ltr'><strong>currunt</strong></span> <span class='ocrx_word' id='word_1_149' title='bbox 450 2749 489 2806; x_wconf 89' lang='lat' dir='ltr'><strong>ad</strong></span> <span class='ocrx_word' id='word_1_150' title='bbox 510 2751 670 2824; x_wconf 86' lang='lat' dir='ltr'><strong>praesepia</strong></span> <span class='ocrx_word' id='word_1_151' title='bbox 839 2751 903 2811; x_wconf 85' lang='lat' dir='ltr'><strong>ami</strong></span> <span class='ocrx_word' id='word_1_152' title='bbox 925 2749 1068 2824; x_wconf 87' lang='lat' dir='ltr'><strong>splendor</strong></span> <span class='ocrx_word' id='word_1_153' title='bbox 1091 2749 1268 2827; x_wconf 89' lang='lat' dir='ltr'><strong>dignitatem</strong></span> 
     </span>
     <span class='ocr_line' id='line_1_22' title="bbox 245 2836 1171 2912; baseline -0.002 -18"><span class='ocrx_word' id='word_1_154' title='bbox 245 2836 394 2912; x_wconf 73' lang='lat' dir='ltr'><strong>irreges</strong></span> <span class='ocrx_word' id='word_1_155' title='bbox 416 2836 510 2912; x_wconf 87' lang='lat' dir='ltr'><strong>magi,</strong></span> <span class='ocrx_word' id='word_1_156' title='bbox 540 2836 591 2911; x_wconf 89' lang='lat' dir='ltr'><strong>qui</strong></span> <span class='ocrx_word' id='word_1_157' title='bbox 613 2853 672 2892; x_wconf 89' lang='lat' dir='ltr'><strong>non</strong></span> <span class='ocrx_word' id='word_1_158' title='bbox 694 2837 772 2911; x_wconf 81' lang='lat' dir='ltr'><strong>vagi,</strong></span> <span class='ocrx_word' id='word_1_159' title='bbox 810 2836 948 2912; x_wconf 82' lang='lat' dir='ltr'><strong>-regalis</strong></span> <span class='ocrx_word' id='word_1_160' title='bbox 967 2838 1135 2911; x_wconf 87' lang='lat' dir='ltr'><strong>potentiae:</strong></span> <span class='ocrx_word' id='word_1_161' title='bbox 1166 2889 1171 2900; x_wconf 77' lang='grc'><em>,</em></span> 
     </span>
    </p>
   </div>
   <div class='ocr_carea' id='block_1_10' title="bbox 183 2919 1394 2998">
    <p class='ocr_par' dir='ltr' id='par_1_15' title="bbox 183 2919 1394 2998">
     <span class='ocr_line' id='line_1_23' title="bbox 183 2919 1394 2998; baseline 0 -18"><span class='ocrx_word' id='word_1_162' title='bbox 183 2937 212 2995; x_wconf 51' lang='grc' dir='ltr'><em>ᾖ</em></span> <span class='ocrx_word' id='word_1_163' title='bbox 305 2919 360 2998; x_wconf 83' lang='lat' dir='ltr'><strong>sed</strong></span> <span class='ocrx_word' id='word_1_164' title='bbox 381 2922 521 2997; x_wconf 79' lang='lat' dir='ltr'><strong>praesagi</strong></span> <span class='ocrx_word' id='word_1_165' title='bbox 544 2919 676 2996; x_wconf 86' lang='lat' dir='ltr'><strong>gaudent</strong></span> <span class='ocrx_word' id='word_1_166' title='bbox 698 2923 747 2996; x_wconf 88' lang='lat' dir='ltr'><strong>agi</strong></span> <span class='ocrx_word' id='word_1_167' title='bbox 838 2921 959 2995; x_wconf 79' lang='lat' dir='ltr'><strong>myrrha</strong></span> <span class='ocrx_word' id='word_1_168' title='bbox 981 2939 1051 2980; x_wconf 88' lang='lat' dir='ltr'><strong>caro</strong></span> <span class='ocrx_word' id='word_1_169' title='bbox 1073 2921 1165 2980; x_wconf 87' lang='lat' dir='ltr'><strong>verbo</strong></span> <span class='ocrx_word' id='word_1_170' title='bbox 1188 2926 1289 2996; x_wconf 81' lang='lat' dir='ltr'><strong>nupta,</strong></span> <span class='ocrx_word' id='word_1_171' title='bbox 1393 2933 1394 2980; x_wconf 74' lang='grc' dir='ltr'>ἰ</span> 
     </span>
    </p>
   </div>
   <div class='ocr_carea' id='block_1_11' title="bbox 306 3003 1306 3150">
    <p class='ocr_par' dir='ltr' id='par_1_16' title="bbox 306 3003 1306 3150">
     <span class='ocr_line' id='line_1_24' title="bbox 306 3003 1306 3082; baseline -0.004 -16"><span class='ocrx_word' id='word_1_172' title='bbox 306 3007 395 3066; x_wconf 88' lang='lat' dir='ltr'><strong>stella</strong></span> <span class='ocrx_word' id='word_1_173' title='bbox 417 3003 647 3082; x_wconf 81' lang='lat' dir='ltr'><strong>dueepraevia.</strong></span> <span class='ocrx_word' id='word_1_174' title='bbox 840 3024 896 3080; x_wconf 90' lang='lat' dir='ltr'><strong>per</strong></span> <span class='ocrx_word' id='word_1_175' title='bbox 918 3006 1001 3082; x_wconf 87' lang='lat' dir='ltr'><strong>quod</strong></span> <span class='ocrx_word' id='word_1_176' title='bbox 1022 3013 1123 3066; x_wconf 87' lang='lat' dir='ltr'><strong>manat</strong></span> <span class='ocrx_word' id='word_1_177' title='bbox 1137 3009 1306 3082; x_wconf 85' lang='lat' dir='ltr'><strong>incorrupta</strong></span> 
     </span>
     <span class='ocr_line' id='line_1_25' title="bbox 777 3091 1149 3150; baseline 0 0"><span class='ocrx_word' id='word_1_178' title='bbox 777 3091 817 3150; x_wconf 87' lang='lat'><strong>30</strong></span> <span class='ocrx_word' id='word_1_179' title='bbox 840 3107 909 3148; x_wconf 86' lang='lat' dir='ltr'><strong>caro</strong></span> <span class='ocrx_word' id='word_1_180' title='bbox 933 3109 1038 3150; x_wconf 88' lang='lat' dir='ltr'><strong>carens</strong></span> <span class='ocrx_word' id='word_1_181' title='bbox 1062 3094 1149 3150; x_wconf 87' lang='lat' dir='ltr'><strong>carie.</strong></span> 
     </span>
    </p>
   </div>
   <div class='ocr_carea' id='block_1_12' title="bbox 171 3209 1305 3716">
    <p class='ocr_par' dir='ltr' id='par_1_17' title="bbox 236 3209 1305 3365">
     <span class='ocr_line' id='line_1_26' title="bbox 236 3209 1305 3288; baseline -0.004 -18"><span class='ocrx_word' id='word_1_182' title='bbox 236 3243 240 3247; x_wconf 93' lang='lat'>·</span> <span class='ocrx_word' id='word_1_183' title='bbox 305 3212 408 3270; x_wconf 87' lang='lat' dir='ltr'><strong>Trium</strong></span> <span class='ocrx_word' id='word_1_184' title='bbox 422 3229 527 3288; x_wconf 89' lang='lat' dir='ltr'><strong>regum</strong></span> <span class='ocrx_word' id='word_1_185' title='bbox 539 3213 648 3269; x_wconf 88' lang='lat' dir='ltr'><strong>trinum</strong></span> <span class='ocrx_word' id='word_1_186' title='bbox 656 3229 775 3279; x_wconf 84' lang='lat' dir='ltr'><strong>munus3</strong></span> <span class='ocrx_word' id='word_1_187' title='bbox 841 3210 886 3267; x_wconf 88' lang='lat' dir='ltr'><strong>Tu</strong></span> <span class='ocrx_word' id='word_1_188' title='bbox 901 3230 956 3269; x_wconf 90' lang='lat' dir='ltr'><strong>nos</strong></span> <span class='ocrx_word' id='word_1_189' title='bbox 972 3213 1091 3269; x_wconf 87' lang='lat' dir='ltr'><strong>Christe</strong></span> <span class='ocrx_word' id='word_1_190' title='bbox 1106 3211 1143 3269; x_wconf 88' lang='lat' dir='ltr'><strong>ab</strong></span> <span class='ocrx_word' id='word_1_191' title='bbox 1159 3212 1217 3270; x_wconf 87' lang='lat' dir='ltr'><strong>hae</strong></span> <span class='ocrx_word' id='word_1_192' title='bbox 1232 3209 1305 3272; x_wconf 84' lang='lat' dir='ltr'><strong>valle</strong></span> 
     </span>
     <span class='ocr_line' id='line_1_27' title="bbox 306 3295 1277 3365; baseline -0.002 -9"><span class='ocrx_word' id='word_1_193' title='bbox 306 3297 452 3365; x_wconf 84' lang='lat' dir='ltr'><strong>Christus,</strong></span> <span class='ocrx_word' id='word_1_194' title='bbox 475 3297 675 3365; x_wconf 88' lang='lat' dir='ltr'><strong>Homo-Deus,</strong></span> <span class='ocrx_word' id='word_1_195' title='bbox 699 3315 775 3355; x_wconf 88' lang='lat' dir='ltr'><strong>unus</strong></span> <span class='ocrx_word' id='word_1_196' title='bbox 841 3295 898 3354; x_wconf 91' lang='lat' dir='ltr'><strong>duc</strong></span> <span class='ocrx_word' id='word_1_197' title='bbox 921 3297 960 3354; x_wconf 89' lang='lat' dir='ltr'><strong>ad</strong></span> <span class='ocrx_word' id='word_1_198' title='bbox 982 3300 1073 3356; x_wconf 86' lang='lat' dir='ltr'><strong>vitam</strong></span> <span class='ocrx_word' id='word_1_199' title='bbox 1095 3301 1178 3355; x_wconf 88' lang='lat' dir='ltr'><strong>recto</strong></span> <span class='ocrx_word' id='word_1_200' title='bbox 1202 3297 1277 3356; x_wconf 86' lang='lat' dir='ltr'><strong>calle</strong></span> 
     </span>
    </p>

    <p class='ocr_par' dir='ltr' id='par_1_18' title="bbox 171 3384 1183 3460">
     <span class='ocr_line' id='line_1_28' title="bbox 171 3384 1183 3460; baseline -0.001 -20"><span class='ocrx_word' id='word_1_201' title='bbox 171 3449 174 3455; x_wconf 85' lang='lat'><em>.</em></span> <span class='ocrx_word' id='word_1_202' title='bbox 245 3384 284 3442; x_wconf 76' lang='lat' dir='ltr'><strong>le</strong></span> <span class='ocrx_word' id='word_1_203' title='bbox 305 3401 374 3441; x_wconf 88' lang='lat' dir='ltr'><strong>cum</strong></span> <span class='ocrx_word' id='word_1_204' title='bbox 396 3399 485 3441; x_wconf 90' lang='lat' dir='ltr'><strong>carne</strong></span> <span class='ocrx_word' id='word_1_205' title='bbox 508 3389 538 3440; x_wconf 87' lang='lat' dir='ltr'><strong>et</strong></span> <span class='ocrx_word' id='word_1_206' title='bbox 560 3385 670 3451; x_wconf 89' lang='lat' dir='ltr'><strong>anima;</strong></span> <span class='ocrx_word' id='word_1_207' title='bbox 840 3399 895 3457; x_wconf 85' lang='lat' dir='ltr'><strong>per</strong></span> <span class='ocrx_word' id='word_1_208' title='bbox 915 3400 1021 3460; x_wconf 86' lang='lat' dir='ltr'><strong>regum</strong></span> <span class='ocrx_word' id='word_1_209' title='bbox 1043 3385 1183 3459; x_wconf 86' lang='lat' dir='ltr'><strong>vestigia,</strong></span> 
     </span>
    </p>

    <p class='ocr_par' dir='ltr' id='par_1_19' title="bbox 304 3465 1159 3544">
     <span class='ocr_line' id='line_1_29' title="bbox 304 3465 1159 3544; baseline -0.004 -17"><span class='ocrx_word' id='word_1_210' title='bbox 304 3469 386 3527; x_wconf 90' lang='lat' dir='ltr'><strong>Dens</strong></span> <span class='ocrx_word' id='word_1_211' title='bbox 408 3470 504 3526; x_wconf 90' lang='lat' dir='ltr'><strong>trinus</strong></span> <span class='ocrx_word' id='word_1_212' title='bbox 526 3471 555 3526; x_wconf 91' lang='lat' dir='ltr'><strong>in</strong></span> <span class='ocrx_word' id='word_1_213' title='bbox 577 3469 713 3544; x_wconf 88' lang='lat' dir='ltr'><strong>personis</strong></span> <span class='ocrx_word' id='word_1_214' title='bbox 841 3467 891 3524; x_wconf 89' lang='lat' dir='ltr'><strong>ubi</strong></span> <span class='ocrx_word' id='word_1_215' title='bbox 913 3465 1020 3536; x_wconf 89' lang='lat' dir='ltr'><strong>Patris,</strong></span> <span class='ocrx_word' id='word_1_216' title='bbox 1043 3469 1094 3526; x_wconf 90' lang='lat' dir='ltr'><strong>ubi</strong></span> <span class='ocrx_word' id='word_1_217' title='bbox 1115 3470 1159 3525; x_wconf 91' lang='lat' dir='ltr'><strong>tui</strong></span> 
     </span>
    </p>

    <p class='ocr_par' dir='ltr' id='par_1_20' title="bbox 307 3553 1194 3621">
     <span class='ocr_line' id='line_1_30' title="bbox 307 3553 1194 3621; baseline -0.002 -9"><span class='ocrx_word' id='word_1_218' title='bbox 307 3553 449 3612; x_wconf 88' lang='lat' dir='ltr'><strong>adoratur</strong></span> <span class='ocrx_word' id='word_1_219' title='bbox 470 3555 565 3612; x_wconf 89' lang='lat' dir='ltr'><strong>tribus</strong></span> <span class='ocrx_word' id='word_1_220' title='bbox 588 3553 683 3621; x_wconf 88' lang='lat' dir='ltr'><strong>donis,</strong></span> <span class='ocrx_word' id='word_1_221' title='bbox 778 3553 818 3613; x_wconf 81' lang='lat'><strong>35</strong></span> <span class='ocrx_word' id='word_1_222' title='bbox 842 3558 873 3611; x_wconf 90' lang='lat' dir='ltr'><strong>et</strong></span> <span class='ocrx_word' id='word_1_223' title='bbox 894 3553 1013 3611; x_wconf 82' lang='lat' dir='ltr'><strong>Amoris</strong></span> <span class='ocrx_word' id='word_1_224' title='bbox 1037 3555 1114 3611; x_wconf 86' lang='lat' dir='ltr'><strong>sacri</strong></span> <span class='ocrx_word' id='word_1_225' title='bbox 1136 3554 1194 3611; x_wconf 82' lang='lat' dir='ltr'><strong>frui</strong></span> 
     </span>
    </p>

    <p class='ocr_par' dir='ltr' id='par_1_21' title="bbox 307 3641 1130 3716">
     <span class='ocr_line' id='line_1_31' title="bbox 307 3641 1130 3716; baseline -0.001 -18"><span class='ocrx_word' id='word_1_226' title='bbox 307 3658 384 3698; x_wconf 90' lang='lat' dir='ltr'><strong>unua</strong></span> <span class='ocrx_word' id='word_1_227' title='bbox 406 3643 437 3697; x_wconf 91' lang='lat' dir='ltr'><strong>in</strong></span> <span class='ocrx_word' id='word_1_228' title='bbox 459 3641 598 3698; x_wconf 82' lang='lat' dir='ltr'><strong>essentia</strong></span> <span class='ocrx_word' id='word_1_229' title='bbox 838 3657 1005 3697; x_wconf 88' lang='lat' dir='ltr'><strong>mereamur</strong></span> <span class='ocrx_word' id='word_1_230' title='bbox 1027 3641 1130 3716; x_wconf 85' lang='lat' dir='ltr'><strong>gloria</strong></span> 
     </span>
    </p>
   </div>
   <div class='ocr_carea' id='block_1_13' title="bbox 329 3731 1184 3836">
    <p class='ocr_par' dir='ltr' id='par_1_22' title="bbox 329 3731 1184 3836">
     <span class='ocr_line' id='line_1_32' title="bbox 329 3731 1184 3836; baseline -0.007 -16"><span class='ocrx_word' id='word_1_231' title='bbox 329 3761 442 3820; x_wconf 70' lang='lat' dir='ltr'><strong>(iomar</strong></span> <span class='ocrx_word' id='word_1_232' title='bbox 464 3759 596 3836; x_wconf 86' lang='lat' dir='ltr'><strong>Prompt.</strong></span> <span class='ocrx_word' id='word_1_233' title='bbox 621 3731 726 3818; x_wconf 75' lang='lat' dir='ltr'><strong>lievot.</strong></span> <span class='ocrx_word' id='word_1_234' title='bbox 749 3778 778 3834; x_wconf 93' lang='lat' dir='ltr'><strong>p.</strong></span> <span class='ocrx_word' id='word_1_235' title='bbox 803 3758 874 3820; x_wconf 85' lang='grc'><strong>367.</strong></span> <span class='ocrx_word' id='word_1_236' title='bbox 920 3758 1039 3818; x_wconf 87' lang='lat' dir='ltr'><strong>Trench</strong></span> <span class='ocrx_word' id='word_1_237' title='bbox 1059 3779 1089 3836; x_wconf 90' lang='lat' dir='ltr'><strong>p.</strong></span> <span class='ocrx_word' id='word_1_238' title='bbox 1117 3759 1184 3820; x_wconf 78' lang='lat'><strong>104.</strong></span> 
     </span>
    </p>
   </div>
   <div class='ocr_carea' id='block_1_14' title="bbox 676 3891 879 3900">
    <p class='ocr_par' dir='ltr' id='par_1_23' title="bbox 676 3891 879 3900">
     <span class='ocr_line' id='line_1_33' title="bbox 676 3891 879 3900; baseline 0 -2"><span class='ocrx_word' id='word_1_239' title='bbox 676 3891 879 3900; x_wconf 48' lang='lat' dir='ltr'><strong>..om—*-</strong></span> 
     </span>
    </p>
   </div>
   <div class='ocr_carea' id='block_1_15' title="bbox 243 3913 1302 4213">
    <p class='ocr_par' dir='ltr' id='par_1_24' title="bbox 243 3913 1302 4213">
     <span class='ocr_line' id='line_1_34' title="bbox 329 3913 1302 4041; baseline -0.014 -13"><span class='ocrx_word' id='word_1_240' title='bbox 329 3966 380 4028; x_wconf 79' lang='lat'><strong>25.</strong></span> <span class='ocrx_word' id='word_1_241' title='bbox 406 3955 462 4036; x_wconf 81' lang='lat' dir='ltr'><strong>[lo</strong></span> <span class='ocrx_word' id='word_1_242' title='bbox 488 3957 556 4026; x_wconf 78' lang='lat' dir='ltr'><strong>huc</strong></span> <span class='ocrx_word' id='word_1_243' title='bbox 584 3957 640 4024; x_wconf 86' lang='lat' dir='ltr'><strong>dic</strong></span> <span class='ocrx_word' id='word_1_244' title='bbox 660 3913 893 4041; x_wconf 64' lang='lat' dir='ltr'><strong>wielando,</strong></span> <span class='ocrx_word' id='word_1_245' title='bbox 928 3951 1056 4022; x_wconf 81' lang='lat' dir='ltr'><strong>Nostri</strong></span> <span class='ocrx_word' id='word_1_246' title='bbox 1085 3954 1185 4034; x_wconf 78' lang='lat' dir='ltr'><strong>chori</strong></span> <span class='ocrx_word' id='word_1_247' title='bbox 1207 3949 1302 4041; x_wconf 78' lang='lat' dir='ltr'><strong>pleds</strong></span> 
     </span>
     <span class='ocr_line' id='line_1_35' title="bbox 243 4037 1189 4127; baseline -0.002 -17"><span class='ocrx_word' id='word_1_248' title='bbox 243 4042 399 4110; x_wconf 81' lang='lat' dir='ltr'><strong>iocunde</strong></span> <span class='ocrx_word' id='word_1_249' title='bbox 421 4039 560 4110; x_wconf 76' lang='lat' dir='ltr'><strong>Paullo!</strong></span> <span class='ocrx_word' id='word_1_250' title='bbox 580 4060 659 4108; x_wconf 83' lang='lat' dir='ltr'><strong>cum</strong></span> <span class='ocrx_word' id='word_1_251' title='bbox 680 4037 844 4127; x_wconf 71' lang='lat' dir='ltr'><strong>tripudio.</strong></span> <span class='ocrx_word' id='word_1_252' title='bbox 889 4050 933 4107; x_wconf 85' lang='lat' dir='ltr'><strong>De</strong></span> <span class='ocrx_word' id='word_1_253' title='bbox 957 4049 986 4107; x_wconf 83' lang='lat' dir='ltr'><strong>S.</strong></span> <span class='ocrx_word' id='word_1_254' title='bbox 1009 4043 1189 4120; x_wconf 80' lang='lat' dir='ltr'><strong>Antonia]</strong></span> 
     </span>
     <span class='ocr_line' id='line_1_36' title="bbox 329 4134 978 4213; baseline 0 -19"><span class='ocrx_word' id='word_1_255' title='bbox 329 4135 418 4204; x_wconf 83' lang='lat' dir='ltr'><strong>Thes.</strong></span> <span class='ocrx_word' id='word_1_256' title='bbox 442 4135 478 4194; x_wconf 92' lang='lat' dir='ltr'><strong>II.</strong></span> <span class='ocrx_word' id='word_1_257' title='bbox 500 4155 529 4213; x_wconf 86' lang='lat' dir='ltr'><strong>p.</strong></span> <span class='ocrx_word' id='word_1_258' title='bbox 553 4135 625 4197; x_wconf 88' lang='grc'><strong>216.</strong></span> <span class='ocrx_word' id='word_1_259' title='bbox 668 4135 758 4194; x_wconf 89' lang='lat' dir='ltr'><strong>Mone</strong></span> <span class='ocrx_word' id='word_1_260' title='bbox 781 4134 831 4192; x_wconf 88' lang='grc' dir='ltr'><strong>ΙΙΙ.</strong></span> <span class='ocrx_word' id='word_1_261' title='bbox 855 4154 884 4211; x_wconf 86' lang='lat' dir='ltr'><strong>p.</strong></span> <span class='ocrx_word' id='word_1_262' title='bbox 908 4135 978 4196; x_wconf 87' lang='grc'><strong>266.</strong></span> 
     </span>
    </p>
   </div>
   <div class='ocr_carea' id='block_1_16' title="bbox 678 4317 880 4328">
    <p class='ocr_par' dir='ltr' id='par_1_25' title="bbox 678 4317 880 4328">
     <span class='ocr_line' id='line_1_37' title="bbox 678 4317 880 4328; baseline 0 0"><span class='ocrx_word' id='word_1_263' title='bbox 678 4317 880 4328; x_wconf 59' lang='grc' dir='ltr'><strong>-ψ--ι</strong></span> 
     </span>
    </p>
   </div>
   <div class='ocr_carea' id='block_1_17' title="bbox 0 0 1444 5030">
    <p class='ocr_par' dir='ltr' id='par_1_26' title="bbox 0 0 1444 5030">
     <span class='ocr_line' id='line_1_38' title="bbox 0 0 1444 5030; baseline 0 0"><span class='ocrx_word' id='word_1_264' title='bbox 0 0 1444 5030; x_wconf 95' lang='lat' dir='ltr'><strong> </strong></span> 
     </span>
    </p>
   </div>
  </div>
 </body>
</html>
