2728 5028
387 637 406 698 5
429 637 534 694 Prisca
556 639 599 694 sic
613 635 736 694 Petrum
751 643 941 694 monumenta
962 644 1092 707 narrant,

430 723 555 797 Templa
577 726 726 779 testantur
749 723 852 796 spoliis
875 725 980 797 opimis

430 808 527 876 Clara,
550 809 651 866 votivo
673 798 802 880 repetita
825 808 916 884 cultu,

583 893 673 950 Festa
695 895 863 968 quotannis.

428 1012 473 1069 En
494 1014 563 1070 nori
586 1017 688 1086 grates
710 1001 801 1068 liceat
822 1013 936 1069 Man'ae

367 1098 406 1156 10
429 1098 545 1173 Cantici
565 1097 653 1154 laetis
676 1096 804 1154 modulis
826 1099 938 1154 referre

327 1177 328 1184 '
428 1183 487 1240 Pro
510 1185 595 1240 novis
618 1181 713 1250 donis,
735 1188 896 1240 resonante
909 1184 1028 1264 'plausu

582 1268 678 1336 Urbis,
703 1272 734 1326 et
757 1268 854 1324 Orbis.

430 1388 490 1445 Oh!
514 1387 578 1444 dies
600 1387 678 1454 felix,
702 1386 893 1444 memoranda
914 1388 1009 1455 fastis,

430 1471 496 1542 Qua
517 1472 598 1529 Petri
622 1472 716 1529 Sedes
739 1471 822 1529 Fidei
844 1473 1023 1548 Magistrum

368 1558 405 1616 15
428 1559 528 1616 Triste
550 1562 621 1634 post
642 1558 769 1614 lustrum
791 1555 933 1621 reducem
954 1557 1045 1615 beata

583 1643 670 1702 Sorte
692 1645 816 1718 recepit.
867 1715 876 1726 ,
922 1704 931 1714 ,

429 1764 567 1839 Virgines
591 1767 701 1834 castae,
724 1763 968 1839 pueriquepuri,

430 1849 569 1906 Cestiens
592 1849 700 1916 clerus,
723 1849 914 1926 populusque
937 1853 1023 1922 grato

431 1934 528 1992 Corde
549 1933 683 2008 Reginae
707 1934 857 1990 celebrare
881 1935 957 1990 coeli

364 2019 406 2080 20
578 2019 705 2076 Munera
728 2024 852 2076 certent.

430 2141 583 2215 virginum
605 2139 706 2213 Virgo,
729 2138 888 2196 benedicta
909 2137 979 2196 Iesu
1024 2173 1029 2178 -

330 2283 342 2292 ,
428 2225 536 2293 Mater,
551 2225 628 2282 haec
644 2240 722 2298 auge
737 2224 829 2292 bona;
852 2225 908 2292 sac,
925 2241 1092 2297 precamur,

427 2310 468 2367 Ut
490 2327 613 2386 gregem
635 2309 745 2366 Pastor
766 2309 837 2366 Pius
860 2307 899 2365 ad
921 2309 1027 2366 salutis
1107 2325 1111 2328 ·

580 2395 699 2452 Pascua
722 2393 821 2452 ducat.
849 2465 857 2472 ‘

364 2516 405 2576 25
428 2515 471 2572 Te
493 2531 548 2590 per
570 2519 710 2572 aeternos
731 2531 908 2573 veneremur
929 2531 1033 2583 annos,

429 2601 569 2668 Trinitas,
594 2617 707 2657 summo
731 2599 909 2657 celebranda
930 2601 1048 2674 plausu,

383 2701 388 2708 '
427 2686 470 2744 Te
492 2686 551 2744 fide
573 2691 698 2754 mentes,
722 2704 891 2762 resonoque
912 2686 1033 2762 linguae

583 2773 718 2830 Carmine
740 2771 871 2829 laudent.

310 2893 396 2950 Nova
412 2892 559 2950 festivitas
575 2893 752 2966 praesertim
767 2891 880 2948 Romae
896 2889 1021 2948 celebris
1038 2896 1093 2948 est.
1129 2891 1182 2947 Ad
1196 2905 1289 2947 manus

227 2983 275 3035 est
296 2979 419 3035 Dianio
442 2979 600 3034 Romano
622 2978 840 3052 per·l’Anno
866 2977 969 3036 1853.
1016 2977 1062 3034 15.
1085 2977 1187 3052 Maqq.
1217 2977 1287 3034 Ios.

227 3063 322 3120 Mario
345 3064 375 3120 di
395 3063 556 3121 Moaticelli
584 3065 750 3121 incomincia
773 3066 801 3120 la
822 3081 932 3120 noveno
954 3063 985 3120 di
1006 3063 1044 3119 M.
1076 3067 1198 3136 carpine
1225 3067 1291 3118 sotto

227 3150 251 3204 ii
273 3149 367 3204 titolo:
397 3150 545 3207 Accilium
578 3149 811 3218 Christianorum.
834 3149 882 3205 24.
911 3149 1007 3223 Mupq.
1051 3143 1141 3205 Festo
1172 3149 1203 3206 di
1225 3147 1291 3204 dior

225 3236 308 3290 zioae
330 3252 388 3310 per
409 3235 500 3292 Romo
529 3253 619 3310 oper
649 3241 723 3291 tutto
753 3236 780 3291 lo
810 3233 892 3290 Statu
922 3235 1129 3291 Ecclesiastico
1154 3235 1186 3290 di
1205 3232 1290 3312 Maria

226 3318 280 3376 SS.
303 3326 379 3378 sotto
401 3322 425 3376 il
446 3322 527 3378 titolo
547 3321 696 3378 Auxilium
722 3319 947 3378 Christianorum
969 3321 999 3376 ia
1028 3322 1166 3391 memoria
1196 3337 1213 3374 e
1240 3317 1290 3373 rio·

224 3407 421 3478 qraziameno
430 3413 575 3481 perpetuo
597 3405 645 3462 del
658 3407 784 3479 pluriora
806 3407 916 3462 ritorno
940 3406 969 3460 di
984 3405 1037 3461 Pio
1057 3423 1135 3480 popo
1157 3404 1221 3462 VII·
1241 3401 1291 3458 ullo
1330 3434 1335 3461 i

225 3509 280 3546 sua
301 3499 386 3548 santa
408 3492 477 3548 rede
498 3509 615 3547 romana
638 3490 704 3547 aeli
727 3509 802 3546 anuo
831 3489 910 3546 1814
939 3491 1012 3564 dopo
1040 3492 1144 3564 coique
1174 3491 1243 3546 anni
1267 3485 1291 3540 ὀὶ

154 3639 161 3650 ,
223 3593 278 3632 sua
300 3576 502 3650 deportazioae
525 3575 715 3650 epripionio,
736 3576 816 3647 seria
838 3578 868 3632 ia
890 3594 913 3632 s.
936 3575 975 3648 M.
997 3577 1028 3631 ia
1049 3575 1212 3632 Moaticeili
1233 3591 1248 3629 c
1267 3574 1291 3626 ia

226 3660 255 3718 S.
279 3661 430 3718 Salvatorc
452 3665 482 3718 in
508 3661 617 3736 Campo.
640 3687 683 3697 —
705 3659 791 3716 Nunc
812 3677 868 3734 per
890 3665 984 3718 totam
1007 3659 1168 3717 ecclesiam
1191 3660 1292 3716 festum

224 3747 393 3820 peragitur,
418 3747 551 3820 exceptis
574 3752 674 3802 tamen
696 3763 755 3801 non
778 3745 867 3802 nullis
890 3745 1067 3819 provinciis,
1098 3763 1179 3821 quae
1209 3743 1293 3801 multa

217 3847 261 3890 ex
282 3832 499 3888 recentioribus
518 3831 608 3892 ,festis
631 3829 762 3902 nondum
783 3836 978 3904 receperunt,
1010 3847 1036 3886 e.
1066 3849 1094 3904 g.
1118 3827 1312 3888 Coloniensi*

224 3915 330 3990 Neque
352 3913 439 3973 video
463 3917 693 3973 sollemnitatem
719 3918 751 3974 in
773 3916 946 3972 Directoriis
976 3916 1132 3973 Americae
1161 3912 1293 3973 meridie

219 3999 316 4057 vualis:
340 4000 548 4076 Guayauensis
571 4001 720 4059 dioecesis
735 4001 846 4058 mxlv.
869 3999 942 4058 Maii
958 4001 987 4072 S,
1003 4001 1207 4076 Euphrasium
1229 3996 1293 4056 colit

222 4084 405 4166 Episcopum
427 4089 599 4162 Martyrem.

670 4215 863 4226 -w———fi
