2732 5026
697 395 762 468 1oe

268 585 356 642 ⁴Tres
388 588 458 640 sunt
485 583 611 656 insignis
649 579 887 638 San-Gallensis
916 575 1116 665 bibliothecae
1150 570 1266 635 codices
1299 611 1304 618 ·

197 688 286 729 manu
309 670 422 743 scripti,
446 668 554 743 quibus
571 669 669 723 cantio
684 665 832 740 Ratperti,
856 665 894 721 ab
909 662 1086 720 likkehardo
1108 663 1158 720 IV.
1179 664 1267 720 latina
1328 687 1355 718 .*

196 759 285 824 iacta,
311 757 488 821 continetur,
511 771 560 809 no.
576 751 645 811 168.
658 752 758 828 (quem
773 753 860 808 litera
882 751 907 807 A
921 749 1119 818 denotamus),
1135 767 1183 805 no.
1203 749 1268 807 174.

179 840 252 911 ,(Β),
276 858 323 897 no.
349 839 419 898 393.
443 837 497 906 (C).
543 837 676 906 Quorum
698 839 810 911 primus
834 838 977 892 maiorem
997 835 1116 892 redolet
1137 839 1268 894 vetusta·

198 933 271 994 tem;
295 927 419 992 tertius,
444 926 564 982 ineunte
588 939 667 980 saec.
691 922 740 978 XI.
773 923 979 996 conscriptus,
1006 925 1111 994 *aetate
1140 920 1267 988 inferior,
1310 939 1315 949 ·

198 1012 336 1070 carminis
365 1011 490 1068 formam
527 1009 647 1066 exhibet
677 1009 931 1083 elegantissimam
969 1011 1060 1081 atque
1098 1010 1268 1064 correctam.

197 1099 240 1154 Ex
262 1097 319 1152 hac
342 1097 409 1170 ipsa
431 1093 602 1150 membrana
623 1093 824 1168 ildephonsus
848 1092 884 1148 ab
906 1093 977 1161 Arx,
1000 1095 1045 1150 vir
1067 1090 1104 1148 de
1129 1089 1269 1148 San-Gal·

197 1184 326 1240 lensium
347 1181 437 1237 rebus
461 1181 571 1254 optime
586 1181 719 1247 meritus,
745 1178 819 1236 duas
837 1179 976 1253 strophas
999 1179 1115 1252 priores
1130 1194 1193 1233 una
1208 1193 1269 1232 cum

107 1341 112 1344 ,
199 1271 264 1326 aliis
289 1265 513 1323 San-Gallensis
536 1265 679 1322 historiae
703 1282 738 1338 ac
762 1264 915 1322 doctrinae
939 1261 1125 1320 documentis
1149 1262 1270 1318 inseruit

198 1345 398 1411 Monumentis
428 1350 605 1408 Germaniae
635 1349 792 1408 aPertzio
817 1349 905 1406 editis
936 1355 1005 1406 tom.
1027 1348 1065 1405 II.
1088 1366 1117 1422 p.
1142 1347 1210 1416 33.,
1232 1349 1270 1403 ita

200 1447 313 1506 tamen,
345 1442 379 1494 ut
406 1455 434 1494 v.
458 1437 486 1495 9.
515 1435 554 1492 ad
579 1437 706 1492 aliorum
733 1434 871 1492 codicum
888 1433 1035 1492 'normam
1067 1436 1269 1507 componeret:
1354 1441 1355 1504 J

199 1523 467 1600 praefatiunculam
489 1520 659 1578 Eklxehardi
682 1539 698 1578 e
721 1519 786 1578 cod.
814 1520 882 1586 174.
906 1519 1082 1594 desumpsit.
1128 1518 1223 1576 Porro
1243 1516 1269 1574 J.
1354 1509 1355 1576 J

201 1610 313 1668 Grimm
334 1601 527 1664 Lateinische
551 1606 698 1664 Gedichte
722 1606 776 1664 des
799 1606 834 1662 X.
858 1605 919 1662 und
942 1605 992 1662 XI.
1008 1604 1113 1662 Jahrh.
1138 1623 1170 1679 p.
1193 1602 1271 1660 XXX
1354 1599 1355 1602 ’

122 1685 125 1694 ’
201 1714 267 1770 sqq.
293 1711 411 1750 carmen
433 1695 583 1767 integrum
605 1691 687 1768 quod
716 1693 864 1766 Iosephus
887 1707 905 1746 a
926 1691 1065 1766 Lasperg
1091 1688 1200 1764 (nuper
1220 1706 1269 1763 pro
1354 1759 1355 1762 Ἴ

201 1780 286 1838 dolor
309 1797 325 1857 e
355 1780 430 1837 vivis
462 1776 608 1845 sublatus)
639 1796 654 1834 e
678 1777 743 1833 cod.
769 1777 839 1836 393.
869 1778 1052 1851 exscriptum
1080 1773 1119 1831 ad
1148 1777 1271 1832 amicum
1353 1771 1355 1822 l

200 1868 332 1932 miserat,
356 1864 536 1938 publicavit,
566 1855 759 1920 adnotatione
786 1864 965 1936 praesertim
993 1863 1118 1918 metrica
1148 1861 1269 1918 adiecta.

202 1949 372 2009 Secundum
380 1949 513 2018 Grimmii
527 1949 634 2006 librum
649 1950 779 2022 repetita
795 1953 842 2004 est
851 1948 1001 2006 cantilena
1016 1945 1159 2022 apudDu
1174 1945 1273 2004 Merit

93 2068 99 2076 ·
200 2036 325 2094 Poesies
347 2034 369 2090 I.
393 2054 422 2108 p.
450 2033 509 2092 lto
533 2052 599 2109 sqq.
624 2033 671 2100 (II.
695 2030 757 2099 28.)
870 2085 872 2095 ,

285 2119 393 2176 Adhuc
416 2121 504 2176 latuit
519 2121 646 2175 aliorum
669 2118 806 2175 codicum
822 2121 980 2192 scriptura,
1004 2133 1093 2194 quam
1117 2133 1188 2192 ego,
1212 2133 1273 2174 cum

200 2209 231 2264 in
253 2207 322 2262 fano
346 2205 375 2262 S.
392 2204 470 2264 Galli
494 2205 609 2280 aliquot
632 2203 696 2262 dies
713 2221 922 2273 commorarer,
945 2205 1017 2262 Ven.
1035 2203 1174 2261 Greithio
1189 2219 1273 2258 mem·

200 2281 310 2348 br'anas
333 2291 401 2346 illas
422 2289 601 2346 ostendente
617 2306 652 2346 ac
667 2290 813 2346 benevole
837 2289 991 2358 offerente,
1013 2289 1141 2351 inhaec
1158 2287 1273 2364 supple·

127 2368 131 2372 ’
200 2381 301 2434 menta
322 2377 522 2448 transscripsi.

169 2457 175 2496 s
285 2460 444 2516 Praefatio,
473 2459 508 2516 A.
554 2461 717 2534 Ratpertus
744 2460 868 2520 Notlieri
902 2460 1020 2518 Balbuli
1053 2457 1272 2534 condiscipulus

200 2547 272 2604 iecit
299 2562 418 2602 carmen
452 2545 639 2602 barbaricum
665 2545 711 2616 vdc
748 2545 776 2602 S.
808 2545 895 2602 Gallo
930 2547 1043 2620 populo
1080 2544 1279 2609 cantandum..

200 2631 236 2689 Id
258 2634 356 2706 ipsum
378 2621 493 2687 nosne
515 2637 577 2688 tam
601 2631 696 2688 dulcis
719 2630 848 2688 melodia
870 2633 1011 2688 memoria
1026 2631 1198 2700 laben-etum
1213 2647 1273 2688 ver·

201 2720 290 2776 timus
312 2719 342 2774 in
364 2717 497 2774 latinum.
542 2717 576 2774 B.
599 2717 763 2790 Ratpertus
786 2718 964 2785 monachus,
987 2717 1111 2774 Notkeri
1135 2734 1227 2792 quem
1246 2717 1296 2772 ia.

202 2805 369 2878 sequentiis
389 2804 531 2860 miramur
553 2801 785 2876 condiscipulus,
808 2807 879 2876 post
902 2803 1004 2860 Sancti
1019 2802 1098 2859 Galli
1119 2802 1272 2862 historiam

166 2950 171 2958 ,
203 2906 293 2964 quam
314 2887 488 2956 modulavit,
514 2892 544 2944 et
567 2889 625 2944 alia
647 2889 741 2944 multa
764 2905 842 2962 quae
864 2889 936 2944 fecit
957 2889 1094 2963 insignia,
1117 2887 1192 2944 fecit
1214 2892 1273 2943 tau·

204 2973 272 3030 dem
294 2977 325 3029 et
348 2989 468 3029 carmen
486 2973 678 3040 barbaricum
703 2973 818 3048 populo
845 2975 875 3030 in
898 2973 927 3032 S.
952 2973 1029 3032 Galli
1056 2973 1186 3048 gratiam
1209 2989 1272 3029 can·
1348 2961 1352 3029 f

202 3058 334 3115 tandum.
370 3057 458 3126 Quod
472 3063 581 3131 postea
602 3059 727 3116 fratrum
743 3057 873 3134 quidam,
896 3065 1006 3125 uttam
1028 3058 1124 3116 dulcis
1147 3055 1274 3116 melodia

201 3144 294 3200 latine
309 3141 435 3210 luderet,
453 3160 542 3217 quam
556 3145 689 3217 proxime
704 3146 803 3225 potuit
818 3145 1011 3213 transferens,
1027 3144 1137 3202 talibus
1154 3160 1273 3218 operam

201 3225 381 3302 impendit.*)
590 3271 591 3274 .

286 3312 613 3374 1.,3.A.‘1aetetur
640 3320 792 3388 patrem.
838 3313 866 3374 5.
888 3314 922 3371 Β.
952 3315 1093 3372 electos
1122 3313 1202 3372 adv.
1246 3311 1271 3370 5.

203 3398 231 3458 t.
254 3398 290 3455 A.
316 3404 436 3456 sanctos
458 3405 741 3474 praeparantem
765 3406 795 3456 et
818 3401 1106 3474 glorificantem.
1133 3470 1135 3472 Ι

200 3534 207 3542 ,
286 3485 323 3540 Π.
340 3487 368 3544 2.
391 3484 505 3558 Ildeph.
530 3485 567 3541 ab
583 3485 657 3541 Arx:
683 3487 769 3544 litere
782 3486 949 3555 Hiberniae,
976 3487 1092 3544 Galliae·
1109 3486 1273 3560 eiAuqliue
1318 3495 1319 3501 ’

203 3571 366 3627 lambentes.
404 3570 446 3626 At
467 3569 630 3644 Ratpertus
653 3573 683 3626 in
706 3571 825 3628 casibus
842 3571 871 3628 S.
890 3571 967 3628 Galli
993 3575 1022 3629 1:
1040 3590 1098 3647 per
1119 3573 1213 3628 meria
1234 3569 1273 3626 di·

202 3673 295 3713 uersu.
341 3655 376 3710 A.
402 3661 606 3734 cantantes.
643 3655 889 3730 B.paeanant.
934 3657 1026 3716 3-5.
1054 3658 1140 3714 Voci:
1166 3655 1272 3712 chili-

134 3775 137 3786 .
203 3757 271 3795 ano
296 3741 396 3796 socio
420 3743 625 3815 superscripta
655 3747 736 3798 sunt:
761 3745 804 3800 ric
834 3745 864 3800 iu
890 3744 1046 3800 Teutonico
1075 3761 1139 3799 mee
1159 3743 1270 3816 lepitur.
1339 3775 1342 3786 ·

201 3825 301 3882 Dum:
324 3851 367 3861 -
388 3843 421 3880 ec
443 3829 493 3898 qui
509 3845 622 3900 prouue
637 3827 681 3900 qu’
703 3827 872 3896 Elrkeluurd,
895 3846 1000 3886 comme
1022 3830 1047 3886 u
1067 3830 1094 3886 le
1113 3828 1174 3900 fuit
1188 3843 1272 3902 pres

201 3912 295 3968 aeutir
327 3911 483 3978 lui-meme,
516 3914 608 3968 tenuit
629 3914 700 3988 plus
729 3916 746 3968 ὰ
777 3915 804 3970 lu
834 3915 964 3988 musique
993 3912 1038 3988 qu’
1068 3930 1129 3970 uua
1146 3913 1270 3988 parolus.

206 4019 400 4028 -.·-—-—-—-——-—

267 4067 372 4188 ἱΡΝοη
390 4085 506 4136 possum
529 4073 665 4134 enodare,
686 4073 734 4140 qui
755 4071 861 4126 iactum
885 4071 922 4124 sit
944 4076 976 4124 ut
998 4071 1050 4126 lid.
1074 4073 1109 4125 ab
1131 4074 1202 4134 Arx,
1226 4067 1281 4138 qui,
1325 4097 1331 4114 ·

200 4151 269 4205 prae
283 4137 404 4190 ationem
423 4155 438 4192 e
457 4141 518 4194 cod.
537 4140 568 4192 Β.
587 4140 753 4208 depromsit,
769 4141 799 4192 in
816 4157 873 4194 non
885 4141 969 4194 nullis
987 4158 1004 4196 a
1021 4141 1103 4196 nobis
1123 4141 1270 4207 discrepet.

201 4203 305 4258 Omisit
322 4208 410 4258 verba
428 4224 523 4274 quam
542 4207 740 4262 modulavit.
778 4209 857 4274 Quae
876 4214 1033 4277 sequuntur
1052 4210 1093 4262 sic
1111 4211 1207 4262 habet:
1226 4207 1269 4260 fc·

200 4272 247 4326 cit
266 4277 300 4326 et
317 4289 339 4327 c.
357 4276 384 4326 b.
404 4275 443 4329 de
463 4276 490 4330 S.
510 4275 619 4328 Gallo.
654 4276 756 4330 Porro:
781 4277 931 4331 fratrum
953 4277 1107 4346 quidam,
1132 4293 1203 4332 cum
1225 4289 1270 4328 ra·

199 4353 341 4395 resc'ere
360 4341 467 4408 quiid
486 4347 652 4412 saperent
669 4343 817 4398 videret.
998 4349 1001 4365 ¹
1096 4363 1102 4366 ·
