2788 5024
92 632 121 691 3.
134 629 182 688 Ab
192 633 316 688 aeterno
331 623 473 703 gignitur,
628 629 657 688 4.
667 627 766 688 Parva
788 628 823 686 lit
843 630 1035 700 immensitas,

134 717 206 774 solis
218 712 360 790 splendor
370 715 473 785 oritur,
651 715 733 780 „alta
754 715 789 770 fit
810 713 970 784 humilitas,

134 803 200 862 sinu
219 801 323 858 matris
346 799 498 860 conditur:
670 800 804 858 mortalis
827 791 999 869 aeternitas,

133 889 185 962 qui
206 885 317 945 mundo
340 902 399 942 non
422 884 580 954 clauditur,
672 885 797 944 visibilis
820 884 970 955 divinitas,

131 975 247 1047 pietate
269 971 406 1039 trahitur,
477 993 480 998 ¹
668 971 767 1027 incola
788 974 967 1046 proprietate,

133 1063 220 1116 utero
244 1055 440 1127 concluditur,
493 1048 502 1056 ’
671 1055 771 1114 odium
793 1057 827 1114 fit
849 1043 981 1126 caritas,'

133 1133 284 1199 unicornis
307 1144 431 1216 capitur.
670 1143 802 1198 informis
825 1143 1005 1200 formositas.

396 1227 544 1287 allactet
564 1229 649 1302 virgo
671 1243 807 1301 puerum,

439 1313 533 1372 volvit
554 1314 584 1370 in
605 1313 805 1388 panniculum,

439 1401 523 1474 ponit
543 1400 573 1455 in
594 1399 783 1473 praesepium

333 1529 338 1538 .
437 1487 519 1560 regis
542 1485 619 1542 coeli
640 1485 741 1540 filium.

481 1570 607 1628 alleluia.

175 1689 266 1748 Mene
288 1689 317 1748 l.
339 1691 404 1748 vis.
428 1689 553 1748 deitas
575 1691 771 1758 divinitas,
800 1689 852 1748 m.
874 1707 968 1765 pepon
998 1691 1051 1753 dar
1079 1695 1164 1752 Verr-

90 1793 174 1844 mass.
217 1775 277 1831 Der
300 1776 405 1832 letzim
428 1775 553 1850 Stroplte
586 1776 723 1832 roteiaco
759 1777 823 1832 drei
857 1777 945 1835 Verre
980 1795 1016 1834 zu
1050 1780 1161 1850 scalea,

90 1861 166 1917 &aa
188 1861 224 1916 do
237 1860 310 1933 jeth
332 1859 456 1935 strophe
477 1879 534 1916 aur
556 1863 640 1916 einen
662 1862 744 1918 Reim
764 1861 827 1928 liat,
863 1880 896 1918 so
925 1862 1002 1920 kann
1024 1865 1088 1921 tier
1108 1865 1163 1924 aar

90 1946 215 2020 Refrain
237 1945 290 2002 der
310 1953 407 2002 ersten
431 1945 554 2020 Stroplre
575 1947 656 2002 nicht
676 1947 844 2026 wiederleolt
864 1947 987 2003 werden.

177 2099 248 2157 498.
271 2079 392 2173 [Viryo
413 2089 512 2174 parit
532 2089 651 2174 filium.
695 2101 730 2156 In
752 2100 1050 2158 Annuntiatione
1080 2103 1113 2162 B.
1128 2103 1162 2162 V.

90 2185 180 2242 Mone
202 2184 238 2242 11.
260 2203 288 2258 p.
312 2183 361 2242 71.
385 2183 447 2250 (Hs,
471 2201 508 2240 zu
530 2183 620 2242 Grata
643 2175 746 2262 42l51.
773 2187 818 2245 13.
840 2181 967 2258 Jahrb.)]

174 2303 265 2380 Virgo
287 2304 366 2378 parit
387 2303 489 2374 filium,
711 2307 775 2363 Are
792 2323 896 2363 carens
910 2307 1006 2375 simili,

175 2387 264 2448 deum
287 2395 317 2446 et
339 2407 398 2446 non
421 2389 519 2460 alium,
712 2393 793 2448 salus
817 2391 915 2449 cordis
939 2393 1065 2467 queruli,
1179 2429 1190 2442 .

175 2477 253 2533 sicut
274 2491 345 2532 rosa
365 2475 466 2534 lilium.
625 2477 666 2536 25
712 2483 777 2534 esto
801 2478 882 2548 salus
904 2479 1017 2554 populi.
1040 2477 1072 2538 P.
1095 2497 1123 2556 g.

217 2611 272 2668 per
294 2595 420 2668 gratiam
711 2598 774 2657 Ave
797 2600 888 2672 stirps
911 2597 1078 2668 Dauidica,¹

112 2679 131 2736 5
218 2677 346 2736 traditus
711 2685 828 2758 piscina
841 2681 1007 2758 probatica,

217 2769 264 2821 est
285 2763 400 2820 reditus
708 2775 834 2844 pectora
855 2770 988 2844 purifica.
1015 2767 1046 2828 P.
1071 2788 1098 2846 g.

218 2847 257 2908 ad
278 2849 414 2926 patriam.

712 2924 804 2980 Ortus
820 2922 891 2980 solis
909 2922 1007 2980 sidere

625 3009 666 3068 30
700 3011 803 3065 ‘oritur
817 3011 847 3065 in
869 3023 1005 3082 vespere,

709 3097 846 3151 nesciens
870 3095 1015 3154 occidere.
1038 3091 1069 3153 P.
1093 3114 1122 3170 g.

174 2968 265 3044 Virgo
287 2985 365 3028 vena
386 2971 499 3038 veniae,

174 3060 269 3112 mater
289 3057 371 3130 regis
394 3057 516 3130 gloriae,

91 3140 131 3198 10
173 3143 263 3199 visita
284 3158 340 3197 nos
362 3141 468 3198 hodie!

215 3244 269 3301 Per
292 3229 419 3300 &fatiam
441 3232 498 3283 0⁸⁰·
709 3247 767 3305 Per
789 3253 819 3305 te
843 3249 924 3305 salus
947 3251 1088 3316 nascitur,

172 3343 263 3420 Virgo
280 3345 336 3401 viri
357 3348 469 3414 nescia,
708 3351 764 3408 per
785 3340 816 3390 te
838 3351 953 3408 pauper
974 3335 1109 3407 pascitur

173 3439 206 3488 tu
229 3430 267 3487 dc
280 3431 373 3504 stirpe
386 3433 471 3506 regia
710 3425 740 3476 et
762 3436 821 3492 pax
842 3437 897 3493 per
911 3423 942 3475 te
958 3421 1058 3476 oritur.
1082 3418 1115 3474 P.
1130 3437 1158 3494 g.

120 3525 122 3530 “
172 3521 241 3574 tuos
265 3514 322 3572 duc
345 3515 384 3574 ad
406 3523 438 3574 at

258 3637 265 3650 .
439 3531 491 3575 m'
517 3515 549 3575 P'
572 3537 601 3593 δ’
625 3575 665 3634 35
710 3574 775 3633 Ave
798 3573 880 3629 salus
902 3571 1063 3640 hominum,

172 3637 236 3692 Lux
258 3635 411 3694 illustrans
434 3637 596 3706 saeculum,
710 3659 866 3734 peperisti!
878 3655 1038 3725 dominum,

91 3715 128 3780 15
173 3723 314 3778 trinitatis
338 3721 502 3796 speculum,
710 3744 1072 3802 ausermoreserimpnum,
1085 3741 1159 3819 1³03,

173 3813 256 3865 tuum
269 3808 352 3865 salve
367 3809 521 3882 populum.
544 3808 576 3868 P.
593 3827 621 3884 g.

711 3900 792 3956 Laus
815 3897 871 3956 deo
894 3901 1037 3976 ingenita,

710 3986 776 4041 laus
798 3987 836 4042 sit
851 3987 1005 4062 unigenito
1026 4037 1029 4044 .

622 4069 664 4128 40
707 4071 834 4146 lausque
850 4072 889 4128 sit
902 4073 1057 4147 paraclito.
1079 4069 1112 4132 P.
1127 4090 1156 4148 g.

173 3927 238 3986 Ave
261 3926 392 3984 candens
415 3929 517 3998 lilium,

173 4013 337 4072 subsidium
361 4013 510 4084 debilium,
587 4059 590 4064 .

173 4101 258 4156 nobie
280 4100 368 4174 placa
389 4100 490 4159 filium.
513 4101 546 4160 P.
571 4120 599 4176 g.

86 4217 129 4278 20
173 4217 356 4292 Angelorum
378 4219 483 4294 gloria,
709 4223 810 4300 (Ergo,
833 4227 929 4284 lector
951 4229 1071 4302 optime,
1156 4270 1160 4287 .
1257 4239 1268 4256 ··

171 4304 322 4368 hominurn
334 4307 469 4374 victoria,
707 4310 765 4368 hoc
789 4310 826 4368 de
848 4327 921 4388 rege
945 4314 1059 4388 gloriae
1088 4351 1094 4354 -

171 4407 226 4446 nos
249 4388 307 4446 duc
330 4389 368 4448 de
390 4393 518 4452 misena.
541 4391 573 4452 P.
591 4411 619 4468 g.
706 4397 896 4474 evangelium
917 4395 1035 4477 incipe.)
1058 4397 1090 4456 P.
1108 4416 1136 4480 g.
