2822 5026
317 623 473 683 Accedunt
501 625 603 698 hymni
631 626 683 700 qui
711 627 741 680 in
764 623 980 699 Antiphorrario
1009 625 1220 686 Benchu'riertei
1242 645 1294 686 er

233 717 321 771 stant.
353 711 557 778 (Muratorii
588 709 744 767 Anecdota
773 727 808 766 ex
837 709 936 767 Ambr.
969 709 1043 768 Bibl.
1076 711 1178 768 aeda·
1196 713 1292 786 lVap.

236 793 431 860 tin-*tnui
474 794 569 865 Quod
598 795 637 852 ad
673 795 739 855 libri
776 797 985 872 antiquitatem
1021 801 1112 872 atque
1145 799 1293 876 originem,

233 888 329 960 ipsum
352 883 494 938 iaciamus
517 881 688 955 loquentem
703 882 907 948 Muratorium
932 883 982 958 qui
1002 883 1126 956 pretiosi
1141 874 1293 961 mapalia)

154 973 157 984 “
232 973 369 1044 repertor
401 973 448 1023 est
479 971 570 1040 atque
603 966 707 1022 editor.
754 966 815 1036 „Ex
849 965 959 1024 Codice
993 967 1056 1024 MS.
1085 967 1295 1026 Ambrosianae

233 1053 436 1114 Bibliothecae
466 1063 543 1108 num.
570 1051 617 1112 10.
647 1051 704 1108 Lit.
730 1053 761 1108 C.
793 1051 976 1126 descriptum
1004 1070 1059 1127 per
1088 1071 1135 1110 me
1165 1043 1222 1110 suit
1240 1055 1295 1109 hoe

234 1138 426 1215 Opusculum.
470 1137 594 1194 Mutilus
622 1141 668 1194 est
689 1137 765 1194 liber
787 1156 852 1194 non.
866 1155 925 1194 uno
948 1139 978 1194 in
1000 1137 1080 1206 loco;
1118 1143 1296 1196 vetustatem

234 1230 333 1282 autem
354 1223 441 1280 illius
456 1222 494 1278 ad
516 1222 618 1279 Annos
641 1240 737 1296 paene
766 1223 846 1280 mille
876 1221 1039 1280 ascendere
1070 1225 1199 1299 conjeci,
1231 1224 1296 1280 oha-

233 1315 349 1368 rattere
377 1307 416 1364 ad
439 1309 614 1364 Saxonicum
641 1308 818 1374 accedente,
856 1309 1011 1384 literisque
1040 1309 1190 1366 nonnullis
1212 1311 1296 1366 minio

229 1395 389 1469 distinctis.
435 1393 559 1450 Celebre
581 1397 681 1449 autem
704 1393 772 1449 olim
794 1394 850 1450 fuit
868 1395 898 1450 in
918 1395 1037 1474 Ultonia
1052 1395 1211 1452 Hiberniae
1232 1411 1297 1469 pro·

234 1482 330 1538 vincia
352 1479 571 1546 Benchorense‚
596 1479 658 1535 sive
678 1477 890 1535 Benchorense
913 1480 1129 1554 Monasterium
1152 1479 1298 1538 diversum

208 1567 271 1638 nab
294 1566 388 1622 altero
411 1561 614 1620 Benchorensi
637 1564 785 1624 Coenobio
813 1566 842 1633 in
864 1565 972 1622 Wallia
999 1565 1127 1639 Angliae
1149 1567 1299 1642 provincia

234 1654 299 1710 sito.
322 1677 365 1688 -
386 1677 428 1708 -τ
451 1649 498 1705 Ad
519 1650 738 1724 usumitaque
752 1651 877 1724 insignis
899 1650 980 1709 illius
1000 1649 1177 1708 Monasterii
1198 1653 1227 1708 in
1249 1651 1297 1717 Hi-

102 1751 118 1816 ’ἦ
231 1738 336 1793 berria
359 1736 408 1792 siti
430 1735 485 1790 iirit
506 1734 755 1808 Antiphonarium
780 1751 869 1790 nunc·
886 1753 904 1790 a
931 1735 1016 1792 nobis
1040 1737 1222 1810 evulgatum.
1255 1735 1296 1792 ‘n

233 1821 389 1902 bobiensis
410 1825 509 1876 autem
525 1819 666 1876 Coenobii
681 1820 867 1876 Bibliotheca
888 1823 918 1876 in
934 1820 1163 1877 Ambrosianum
1184 1823 1300 1878 transiit

234 1907 334 1966 Codex
364 1923 434 1964 cura
464 1906 636 1980 amplissimi
664 1904 829 1962 Cardinalis
858 1905 1000 1962 Friderici
1029 1905 1217 1974 Borrolnaei‚
1255 1908 1299 1962 cui

234 1993 419 2050 Bibliotheca
441 1992 492 2047 illa
515 2009 600 2048 suurn
623 1995 720 2046 ortum
743 1991 850 2058 debet‚'
876 1991 968 2059 Urbs,
1000 1996 1030 2048 et
1052 1991 1300 2068 Archiepiscopa·

235 2084 282 2135 tus
310 2077 557 2143 Mediolanensis,
596 2094 758 2152 omnesque
788 2077 913 2133 Literati
946 2077 1104 2151 plurimum
1137 2083 1298 2144 aeternum,

235 2163 392 2220 debebunt.
437 2161 541 2236 Neque
563 2164 682 2228 mirum,
706 2161 787 2236 quod
809 2163 839 2218 in
861 2163 1001 2219 Bobiensi
1023 2162 1174 2220 Coenobio
1201 2181 1300 2220 monu-

235 2253 365 2306 mentum
386 2248 444 2302 hoc
467 2247 684 2314 adseruaretur.
731 2247 921 2304 Celeberrimi
948 2249 1038 2304 huius
1059 2248 1245 2305 Monasterii·
1261 2251 1299 2304 in·

235 2335 355 2390 stitutor
376 2333 432 2388 fuit
455 2333 483 2388 S.
508 2332 708 2388 Columbanue
737 2331 852 2398 Abbas‚
890 2335 941 2407 qui
967 2338 1001 2388 ut
1027 2333 1123 2390 Johas
1146 2333 1300 2392 Bobiensis
1361 2393 1389 2406 ,ἵ

138 2425 145 2435 ’
234 2417 400 2476 Monachus
429 2418 459 2474 in
489 2419 552 2473 cius
574 2418 636 2473 vita
662 2422 777 2484 narrat,
815 2435 874 2474 non
896 2417 968 2504 alibi
988 2417 1206 2476 Monachorum
1235 2419 1299 2475 albo

272 2543 433 2552 -..w-u·—

235 2631 298 2667 vom
315 2575 339 2666 s.
358 2629 421 2664 zum
439 2613 463 2664 li.
482 2611 590 2673 Jahrb,
624 2612 742 2680 beginnt
760 2613 819 2664 ihrc
838 2611 1047 2680 Abtheilungcn
1065 2613 1116 2666 mit
1135 2615 1231 2670 dieser
1248 2613 1299 2668 Ue·

233 2681 536 2815 berspnrilftnzcipiunt
554 2749 667 2816 hymni
687 2789 692 2799 .
712 2790 717 2800 .
738 2790 742 2800 .
763 2789 768 2799 .
803 2748 863 2802 Das
877 2749 1001 2803 Wcitere
1019 2751 1057 2802 ist
1075 2752 1299 2819 abgeschnitteu,

235 2837 266 2874 cs
284 2819 347 2886 sind
365 2821 434 2870 aber
460 2817 504 2870 die
524 2817 801 2884 Sonntagshymnen,
833 2818 886 2872 wie
905 2819 956 2870 der
975 2817 1090 2872 Schluss
1118 2821 1171 2872 der
1188 2817 1300 2874 Abthei-

234 2889 303 2968 lung
320 2886 441 3003 anceiffit.
477 2885 721 2982 (ad'primamh
741 2886 791 2938 der
811 2886 886 2966 Titel
903 2886 941 2938 ist
959 2889 1214 2954 weggeechnittcm
1235 2889 1300 2941 aber

235 2971 266 3009 es
283 2959 321 3007 ist
340 2955 389 3006 der
435 2968 547 3019 ymnus
583 2953 641 3005 Iam
667 2952 737 3006 lucrs
764 2958 826 3006 orto
850 2954 951 3006 erdere.
986 2956 1146 3021 hymnum
1171 2957 1212 3010 ad
1234 2959 1299 3021 teir-

52 3059 57 3072 .
166 3075 173 3097 ,
233 3024 324 3076 tiam.
359 3021 439 3073 Nunc
465 3024 561 3074 sancte
588 3021 668 3073 nobis
697 3021 820 3087 spiritus.
856 3022 893 3074 So
913 3025 981 3089 geht
999 3037 1029 3074 es
1047 3023 1105 3076 fort
1131 3025 1187 3078 wie
1205 3025 1234 3077 in
1252 3024 1301 3076 der

236 3098 332 3145 ersten
349 3088 521 3154 Abtheilung
548 3089 599 3140 der
617 3089 737 3156 rorigeri
754 3089 803 3142 Hs.
830 3090 887 3141 und
902 3091 1049 3144 schliesst:
1084 3093 1245 3158 hymnum
1269 3092 1301 3142 in

236 3157 408 3213 dominica
427 3157 468 3208 nd
486 3172 671 3222 vesperam.
707 3155 792 3211 Lucis
811 3163 923 3212 creator
941 3158 1052 3226 optimc.
1088 3157 1237 3214 DicseHs.
1255 3162 1301 3214 hat

234 3227 287 3280 wie
307 3226 352 3278 die
369 3223 468 3291 vorige
486 3225 586 3276 keinen
604 3224 732 3312 Hymnus
762 3241 812 3278 zur
830 3225 987 3292 Complete‚
1020 3229 1088 3280 aber
1111 3231 1184 3282 auch
1202 3229 1301 3282 keinen
1320 3236 1323 3242 ’

235 3311 285 3348 zur
302 3293 493 3446 {arpegiani
513 3362 555 3413 ad
572 3377 758 3428 vesperum.
794 3362 835 3415 Ist
854 3362 898 3414 die
917 3363 1192 3445 obigehbtheilung
1204 3363 1247 3418 iv
1259 3364 1300 3415 bis

235 3447 285 3484 zur
307 3431 378 3482 ferra
401 3435 429 3490 t,
461 3430 535 3481 dann
556 3430 629 3497 iolgt
651 3447 685 3482 zu
709 3431 858 3484 derselben
880 3431 950 3483 ferra
974 3433 1002 3483 o:
1038 3434 1120 3484 rtem
1139 3432 1243 3486 alium
1261 3431 1300 3484 ad

234 3513 426 3566 vesperum.
462 3495 522 3550 Der
540 3498 653 3566 Anfang
670 3499 747 3560 fehlt,
768 3514 798 3552 es
816 3500 854 3550 ist
873 3501 941 3551 aber
959 3501 1010 3552 der
1027 3499 1170 3568 Hymnus:
1191 3502 1235 3554 Tu
1253 3499 1301 3554 tri·
1375 3541 1391 3560 ,,

234 3567 330 3620 nitatis
352 3566 453 3618 unitas,
488 3565 579 3618 scria
597 3568 619 3619 7.
656 3566 785 3618 Summae
810 3568 879 3620 deus
902 3568 1074 3620 clementiae.
1111 3627 1114 3634 ¹

301 3634 350 3686 111.
384 3633 550 3702 Hymuum
567 3635 603 3687 in
621 3635 676 3686 die
697 3635 870 3688 dominico
890 3637 931 3688 ad
948 3637 1149 3688 matutinos.
1178 3639 1311 3708 Aeterne¹

157 3753 160 3764 ,
233 3719 328 3756 rerum
361 3703 497 3755 conditor.
531 3703 622 3755 feria
655 3704 679 3755 2.
716 3703 855 3770 Splendor
887 3709 1021 3770 paternae
1050 3704 1166 3772 gloriae.
1219 3703 1301 3759 Danu

235 3769 303 3839 geht
321 3786 351 3824 es
369 3771 426 3823 fort
443 3771 496 3822 wie
515 3773 588 3824 ob'en
607 3771 652 3823 die
669 3772 842 3840 Abtheilung
859 3771 908 3825 ΙΙΙ.

302 3838 434 3892 Obschon
461 3839 539 3891 diese
565 3839 668 3892 beiden
685 3839 749 3892 Hes,
776 3841 805 3892 in
823 3841 906 3894 Trier
933 3843 1089 3908 gebraucht
1107 3843 1228 3896 wurdcn
1246 3841 1301 3896 und

235 3907 353 3960 hcinahe
372 3906 553 3975 gleichzeitig
571 3907 646 3969 sind,
680 3923 711 3958 so
730 3909 835 3960 stimmt
854 3909 898 3960 die
916 3908 1101 3976 Rciheniolge
1118 3908 1198 3962 ihrer
1216 3909 1301 3976 Hym-

233 3991 288 4028 nen
307 3975 379 4028 doch
397 3975 474 4026 nicht
492 3992 564 4042 ganz
583 3976 714 4036 inhercie,
747 3993 857 4034 woraus
876 3993 940 4028 man
959 3977 1079 4038 ersicht‚
1108 3977 1177 4040 dass
1198 3977 1239 4030 sie
1258 3979 1302 4029 hir

233 4043 434 4096 verschiedene
463 4042 587 4096 Kirchen
616 4045 759 4100 bestimmt
790 4060 893 4098 waren.
941 4045 991 4096 Ais
1022 4045 1301 4112 gemeinschaftlichc

233 4110 389 4178 Doxologie
408 4110 539 4180 (τριαδική
557 4108 627 4180 eidi,
660 4109 713 4164 wie
744 4113 785 4166 sic
813 4114 899 4164 sehon
926 4113 1056 4166 Andreas
1073 4127 1128 4166 von
1148 4113 1240 4174 Krete
1268 4129 1302 4166 ru

99 4253 101 4265 Ι
169 4189 172 4200 ’
233 4180 344 4246 Anfang
362 4179 414 4231 des
432 4181 455 4232 7.
472 4179 569 4232 Jahrb.
588 4186 685 4240 neunt,
719 4181 853 4232 Triodion
871 4179 947 4242 KK,
966 4183 994 4246 2)
1025 4181 1104 4247 giebt
1130 4181 1178 4234 die
1201 4181 1301 4234 Darm·

233 4248 342 4310 stadter
359 4245 408 4299 Hs.
428 4263 482 4299 von
501 4248 553 4300 der
570 4247 646 4299 Prim
665 4248 708 4299 bis
728 4263 777 4300 zur
796 4248 875 4300 None
895 4249 940 4300 die
957 4249 1150 4316 Endstrophe:
1171 4247 1235 4302 Deo
1254 4265 1300 4318 pa-

231 4315 269 4368 tri
287 4316 325 4368 sit
342 4315 441 4396 gloria,
461 4315 506 4367 die
525 4315 633 4367 andern
651 4316 741 4367 haben
761 4316 934 4382 gewdhnlich
954 4318 1007 4368 den
1023 4316 1151 4369 Schluss:
1172 4317 1299 4378 Praesta,
1347 4381 1351 4390 ι

226 4387 312 4451 pater
329 4397 454 4451 pussrme
473 4386 526 4435 ete.
937 4387 942 4410 ¹
