2772 5024
714 406 777 482 1⁸4

217 589 279 648 Hoc
300 592 445 666 scripsere
467 583 582 665 quidun
604 597 737 649 auctores
759 609 815 650 non
837 587 912 651 odeo
931 596 1060 668 antiqui,
1083 593 1289 668 quas'erraris

217 678 296 732 locus
316 693 407 751 supra
428 679 535 733 citatus
556 677 684 745 Aicuini,
708 680 739 734 in
761 680 817 751 q'ua
839 678 939 736 harum
962 697 1095 738 cnsuurn
1115 683 1153 753 fit
1172 685 1288 752 ruentia,

216 764 375 818 convincit:
389 779 452 818 cum
463 762 602 819 Alcuinus
617 765 722 820 obierit
734 781 810 820 anno
824 768 1059 840 actinqentesino
1074 773 1187 839 quarto,
1205 770 1289 844 lance

214 853 282 903 ante
304 849 529 904 coniurationem
550 849 712 916 Bernardi‚
735 857 769 905 ut
791 856 915 906 testatur
939 850 1107 908 Oderannus
1129 851 1290 911 Monachus
1384 891 1385 896 κ

216 933 245 989 S.
268 933 351 989 Petri
378 933 473 990 Viai'
462 952 492 990 in
525 933 625 992 coroa
648 936 731 992 Anna
752 934 866 992 DCCUI
869 937 898 992 V
930 927 1003 993 obiit
1027 939 1167 996 Atestinus
1188 939 1288 996 Pisita-
1384 959 1385 966 ¹

213 1019 321 1093 sopitus
342 1019 437 1074 Abbas
460 1019 489 1076 S
513 1018 642 1076 Martini
689 1019 749 1076 Sed
775 1021 859 1120 apud·
874 1024 1008 1094 antiquas
1030 1015 1207 1096 scriptores,
1240 1027 1288 1097 qui

215 1103 251 1159 dc
271 1095 363 1177 pestis
377 1103 514 1160 Ludocici
535 1104 583 1161 Pii
598 1104 785 1181 Imperatoris
799 1108 952 1180 scripsere,
972 1109 1086 1164 mirum
1092 1115 1139 1164 est
1159 1109 1196 1164 de
1212 1113 1288 1182 ejus·

214 1189 290 1244 nodi
311 1189 433 1245 itistaria
455 1207 507 1246 scu
524 1193 625 1264 potius
638 1191 731 1262 sabell
730 1207 747 1246 a
763 1193 918 1259 sitentium,
941 1185 971 1248 ατ
991 1193 1099 1264 quod
1088 1211 1165 1280 ipss
1139 1196 1289 1252 scribunt

215 1274 251 1330 de
275 1274 459 1350 Tiuadutpica
481 1281 512 1331 et
532 1275 599 1332 otiis
621 1277 867 1359 coniuratoribus,
897 1278 964 1334 ituic
989 1271 1144 1334 commento
1162 1297 1287 1354 prorsus

213 1359 393 1416 adversatur.
439 1361 510 1418 Nam
540 1360 702 1436 Imperator
731 1361 828 1418 eodem
858 1379 934 1420 unna
962 1363 1089 1420 uacet(
1091 1363 1166 1421 VIII
1192 1367 1289 1440 captis
1383 1359 1385 1426 ἶ

214 1447 444 1502 coniuratoribus
466 1445 680 1520 Aquisqranurn
702 1465 838 1504 reversus
854 1454 907 1509 est,
932 1457 1135 1522 transactaque
1153 1449 1286 1517 Quadra·
1382 1433 1385 1526 i

212 1531 377 1604 qesimali'
367 1528 473 1587 ieiunio
491 1534 597 1606 paucis
613 1539 685 1608 post
705 1533 819 1594 Pascha
842 1533 942 1590 diebus
964 1536 1172 1591 coniurationis
1187 1543 1286 1592 aucta·

114 1613 121 1622 '
213 1634 270 1682 res,
293 1622 323 1672 et
343 1617 526 1672 Bernardurn
548 1635 645 1692 reqern
667 1617 772 1674 iudicio
790 1617 970 1696 Danaorum
1000 1621 1118 1694 capitati
1139 1623 1288 1678 sententia
1333 1663 1339 1672 .
1383 1635 1385 1660 ⁴

213 1700 413 1759 condemnatas
437 1703 588 1758 luminibus
613 1710 721 1758 tanturn
751 1705 838 1758 iussit
866 1699 980 1760 orbari:
1010 1705 1170 1779 Episcopus
1200 1725 1287 1778 syna·

213 1786 273 1844 dati
293 1789 441 1846 sententia
468 1787 613 1862 depositos
627 1790 825 1846 'monasteriis
854 1791 1030 1872 mancipari:
1058 1798 1170 1848 ceteras
1195 1799 1289 1865 prout
1382 1793 1385 1826 ἶ

213 1873 334 1945 quisquc
356 1873 403 1930 cei
423 1875 572 1930 nocentior
590 1875 636 1932 cet
657 1876 835 1930 innocentior
850 1876 1017 1954 apparebat,
1040 1877 1086 1932 rei
1106 1877 1199 1934 ‘exitio
1214 1891 1287 1951 pra·
1312 1935 1318 1951 ,

211 1959 307 2026 scribi,
331 1960 377 2016 vei
397 1957 556 2026 detonderi,
578 1965 665 2032 aque
685 1962 715 2015 iu
738 1962 919 2021 monasteriis
934 1963 1108 2027 conseruari,
1131 1969 1164 2018 ut
1185 1963 1290 2021 scribit

211 2043 399 2117 Epinhardus
420 2044 460 2100 ad
480 2043 606 2110 eundem
629 2063 742 2100 annum.
780 2044 858 2102 Idem
880 2047 985 2102 scribit
1006 2046 1159 2120 Titequuus
1181 2049 1230 2104 lib.
1253 2047 1288 2106 dc

210 2131 304 2201 quotis
324 2129 462 2188 lodovici
490 2130 539 2187 Pii
568 2129 757 2203 Imperatoris
786 2149 861 2186 noun.
885 2131 945 2198 22.-‚
976 2133 1068 2190 sotius
1097 2132 1288 2206 depositionis
1374 2159 1378 2170 ·

212 2215 429 2289 Episcoparum,
452 2216 533 2272 uuita
556 2217 586 2271 in
612 2217 795 2275 unaastertts
825 2216 1001 2276 detensionis
1029 2220 1173 2276 mentione
1193 2219 1285 2290 facto.

211 2299 290 2356 Idem
313 2307 439 2356 testatur
461 2300 579 2372 quidam
598 2318 757 2373 anonymus
778 2304 917 2374 antiquus
938 2305 1065 2376 scriptor
1093 2305 1125 2358 in
1146 2305 1207 2360 uita
1230 2305 1287 2362 Lu-

211 2385 303 2442 dauici
325 2385 382 2452 Pii,
406 2386 455 2442 ubi
476 2386 572 2457 refert
597 2385 817 2460 Thoaduiptaurn
841 2394 871 2444 et
885 2395 997 2444 ceteras
1019 2389 1169 2529 episcopos
1189 2391 1286 2461 fnisse

211 2470 370 2544 depositos,
394 2476 425 2527 ct
445 2473 627 2528 monasteriis
649 2474 784 2528 obtrusus
803 2490 904 2546 nempe
932 2476 963 2530 in
992 2475 1056 2530 enit
1055 2475 1090 2530 io.
1138 2474 1286 2546 Siquidem

156 2549 160 2553 ’
211 2565 244 2612 se
265 2557 296 2612 in
318 2557 437 2614 ouiiinns
459 2562 554 2614 actum
574 2557 670 2629 fuisse
694 2560 851 2614 testetur'
841 2577 903 2632 ipso
929 2557 1138 2632 siconulphus,
1162 2561 1287 2634 epistota

211 2640 250 2697 od
270 2641 434 2700 Modoinum
455 2642 644 2717 Episcopum:

364 2761 426 2818 Hoc
441 2761 581 2818 Madoi'ne
604 2762 656 2818 tibi
681 2761 881 2836 Tlueadulpitus
904 2761 1006 2834 diripit
1026 2763 1099 2835 exui
1155 2785 1163 2798 ¹

357 2875 358 2878 ¹
415 2847 529 2904 Summo
551 2847 723 2918 Pontificum
745 2865 869 2903 cernuus
891 2863 956 2902 ecce
977 2847 1072 2903 melos.

216 3009 218 3014 ·
296 2967 338 3026 Et
360 2969 391 3024 in
412 2967 545 3042 Epistola
568 2967 607 3023 ad
626 2967 799 3042 Aiqutpiturn
821 2967 1020 3041 Episcopum:¹
1058 3035 1060 3040 Α

363 3103 425 3159 Hac
446 3103 589 3178 Aiqutpite
613 3103 673 3170 tibi,
691 3104 816 3178 praesui
836 3104 1026 3170 sanctissime,
1049 3105 1131 3160 mitta
1172 3069 1174 3072 Ι

418 3187 619 3263 theodulphus
642 3206 758 3244 carmen
780 3189 852 3244 eunt
871 3189 907 3244 ab
930 3189 1028 3244 ouilia

296 3307 338 3364 Et
326 3309 395 3364 tin
424 3310 516 3382 episto
489 3308 569 3366 totu
575 3309 664 3363 citata
692 3307 731 3363 ad
756 3306 921 3364 Modoinum
950 3309 1137 3381 conqueritur
1166 3328 1200 3364 se
1231 3328 1288 3366 non

207 3380 321 3465 fassum
344 3394 451 3460 iniuste
470 3395 566 3465 fnisse
589 3396 755 3468 episcopatu
726 3393 956 3461 tabdicntum,
981 3393 1067 3466 idque
1095 3395 1160 3454 sine
1188 3402 1287 3454 aucto·

210 3481 298 3538 ritate
271 3480 441 3536 tRomani
462 3479 631 3550 Pontificis:

362 3617 425 3672 Non
447 3617 522 3672 ibit
510 3615 618 3671 testis'
607 3621 691 3681 inest,
672 3613 805 3670 tiudeoe
827 3633 879 3671 nec
894 3613 1013 3670 idoneus
1035 3613 1131 3680 attus:

413 3703 477 3758 Non
492 3699 610 3773 aliquod
624 3701 731 3755 crimen
746 3701 809 3774 ipse
825 3719 877 3774 eqo
897 3699 999 3778 fassus
1020 3718 1106 3764 eram.
1163 3719 1167 3727 ⁸

363 3787 449 3843 Esto:
470 3786 564 3858 socen
585 3785 696 3856 fassus,
719 3787 801 3841 cuius
823 3803 946 3850 censura
969 3779 1079 3850 unieret
1118 3847 1122 3854 ,
1148 3791 1151 3803 “
1224 3799 1226 3806 ·

414 3871 527 3927 Dedere
549 3870 650 3926 iudicii
671 3887 799 3943 canqrua
819 3871 907 3943 freno
930 3869 1018 3926 milti?

190 3958 192 3967 ’
293 3957 296 3962 ’
365 3956 462 4012 Solius
484 3955 558 4018 illud
583 3973 654 4030 opus
676 3955 797 4012 Romani
814 3955 963 4030 praesuiis
986 3961 1077 4022 extat,

418 4041 502 4096 Cuius
525 4059 577 4113 eqo
600 4042 697 4116 accepi
714 4041 808 4115 pallia
831 4048 931 4096 sancta
952 4059 1046 4096 manu.
1111 4103 1115 4110 ,

212 4203 216 4210 ·
298 4175 380 4247 Quae
402 4176 500 4234 vidore
523 4185 568 4234 est
588 4177 668 4252 opud
691 4176 847 4234 Henricuru
873 4177 1016 4234 Ganisiurn
1044 4182 1119 4254 tonia
1150 4179 1191 4236 5.·
1211 4159 1288 4238 onti-

211 4281 293 4338 quor.
318 4263 395 4328 lectt.
420 4268 510 4336 pcrte
532 4261 560 4318 2.
612 4263 662 4320 Eu
690 4261 736 4318 iiis
758 4269 860 4336 patet,
891 4279 953 4318 cum
968 4265 1032 4322 iem
1054 4269 1134 4321 esset
1155 4265 1287 4324 condar·

1 4309 3 4350 t
89 4365 95 4372 s
150 4345 152 4350 '
210 4355 297 4410 piatus
312 4349 405 4425 poulo
421 4353 493 4422 past
512 4348 719 4404 solennitatem
740 4345 872 4406 Paschae
897 4347 1113 4428 Toaonupsou
1141 4367 1208 4408 enm
1229 4367 1289 4408 m
