<?xml version="1.0" encoding="UTF-8"?>
<!DOCTYPE html PUBLIC "-//W3C//DTD XHTML 1.0 Transitional//EN"
    "http://www.w3.org/TR/xhtml1/DTD/xhtml1-transitional.dtd">
<html xmlns="http://www.w3.org/1999/xhtml" xml:lang="en" lang="en">
 <head>
  <title>
</title>
<meta http-equiv="Content-Type" content="text/html;charset=utf-8" />
  <meta name='ocr-system' content='tesseract 3.04.00' />
  <meta name='ocr-capabilities' content='ocr_page ocr_carea ocr_par ocr_line ocrx_word'/>
</head>
<body>
  <div class='ocr_page' id='page_1' title='image "./thesaurushymnol04danigoog/thesaurushymnol04danigoog_0318.png"; bbox 0 0 2728 5028; ppageno 0'>
   <div class='ocr_carea' id='block_1_1' title="bbox 654 385 785 470">
    <p class='ocr_par' dir='ltr' id='par_1_1' title="bbox 654 385 785 470">
     <span class='ocr_line' id='line_1_1' title="bbox 654 385 785 470; baseline 0 0"><span class='ocrx_word' id='word_1_1' title='bbox 654 385 659 397; x_wconf 61' lang='grc'><em>’</em></span> <span class='ocrx_word' id='word_1_2' title='bbox 708 398 785 470; x_wconf 73' lang='lat' dir='ltr'>aab</span> 
     </span>
    </p>
   </div>
   <div class='ocr_carea' id='block_1_2' title="bbox 340 569 1186 756">
    <p class='ocr_par' dir='ltr' id='par_1_2' title="bbox 340 569 1186 756">
     <span class='ocr_line' id='line_1_2' title="bbox 340 569 1150 660; baseline -0.002 -20"><span class='ocrx_word' id='word_1_3' title='bbox 340 572 428 660; x_wconf 58' lang='lat' dir='ltr'>Te,</span> <span class='ocrx_word' id='word_1_4' title='bbox 448 573 590 660; x_wconf 76' lang='lat' dir='ltr'>Ioseph,</span> <span class='ocrx_word' id='word_1_5' title='bbox 614 571 792 638; x_wconf 78' lang='lat' dir='ltr'>eelebrent</span> <span class='ocrx_word' id='word_1_6' title='bbox 812 571 951 658; x_wconf 63' lang='lat' dir='ltr'>agmina</span> <span class='ocrx_word' id='word_1_7' title='bbox 973 569 1150 642; x_wconf 72' lang='lat' dir='ltr'>Coclitum.</span> 
     </span>
     <span class='ocr_line' id='line_1_3' title="bbox 426 668 1186 756; baseline 0.001 -29"><span class='ocrx_word' id='word_1_8' title='bbox 426 674 470 730; x_wconf 86' lang='lat' dir='ltr'>De</span> <span class='ocrx_word' id='word_1_9' title='bbox 490 675 517 728; x_wconf 70' lang='lat' dir='ltr'>S·</span> <span class='ocrx_word' id='word_1_10' title='bbox 535 668 646 746; x_wconf 75' lang='lat' dir='ltr'>Ioseph.</span> <span class='ocrx_word' id='word_1_11' title='bbox 667 673 753 739; x_wconf 85' lang='lat' dir='ltr'>(XIX.</span> <span class='ocrx_word' id='word_1_12' title='bbox 767 673 861 736; x_wconf 84' lang='lat' dir='ltr'>Mart.)</span> <span class='ocrx_word' id='word_1_13' title='bbox 879 674 925 726; x_wconf 87' lang='lat' dir='ltr'>Ad</span> <span class='ocrx_word' id='word_1_14' title='bbox 937 673 1088 756; x_wconf 74' lang='lat' dir='ltr'>vesperas.</span> <span class='ocrx_word' id='word_1_15' title='bbox 1182 744 1186 747; x_wconf 22' lang='grc' dir='ltr'>Ι</span> 
     </span>
    </p>
   </div>
   <div class='ocr_carea' id='block_1_3' title="bbox 374 802 1123 1136">
    <p class='ocr_par' dir='ltr' id='par_1_3' title="bbox 375 802 1065 878">
     <span class='ocr_line' id='line_1_4' title="bbox 375 802 1065 878; baseline -0.001 -17"><span class='ocrx_word' id='word_1_16' title='bbox 375 805 427 872; x_wconf 87' lang='lat' dir='ltr'>Te,</span> <span class='ocrx_word' id='word_1_17' title='bbox 450 805 569 878; x_wconf 66' lang='lat' dir='ltr'>Ioseph]</span> <span class='ocrx_word' id='word_1_18' title='bbox 594 803 747 860; x_wconf 87' lang='lat' dir='ltr'>eelebrent</span> <span class='ocrx_word' id='word_1_19' title='bbox 769 806 887 878; x_wconf 80' lang='lat' dir='ltr'>agmina</span> <span class='ocrx_word' id='word_1_20' title='bbox 910 802 1065 872; x_wconf 85' lang='lat' dir='ltr'>Coelitum,</span> 
     </span>
    </p>

    <p class='ocr_par' dir='ltr' id='par_1_4' title="bbox 374 889 1123 958">
     <span class='ocr_line' id='line_1_5' title="bbox 374 889 1123 958; baseline -0.001 -11"><span class='ocrx_word' id='word_1_21' title='bbox 374 889 416 947; x_wconf 85' lang='lat' dir='ltr'>Te</span> <span class='ocrx_word' id='word_1_22' title='bbox 440 892 538 946; x_wconf 89' lang='lat' dir='ltr'>cuncti</span> <span class='ocrx_word' id='word_1_23' title='bbox 559 895 701 946; x_wconf 81' lang='lat' dir='ltr'>resonent</span> <span class='ocrx_word' id='word_1_24' title='bbox 724 889 924 946; x_wconf 71' lang='lat' dir='ltr'>christiadum</span> <span class='ocrx_word' id='word_1_25' title='bbox 947 889 1045 958; x_wconf 73' lang='lat' dir='ltr'>Chori</span> <span class='ocrx_word' id='word_1_26' title='bbox 1121 898 1123 903; x_wconf 84' lang='grc'><strong>’</strong></span> 
     </span>
    </p>

    <p class='ocr_par' dir='ltr' id='par_1_5' title="bbox 377 968 1102 1136">
     <span class='ocr_line' id='line_1_6' title="bbox 377 968 1102 1050; baseline -0.001 -17"><span class='ocrx_word' id='word_1_27' title='bbox 377 969 434 1046; x_wconf 80' lang='lat' dir='ltr'>Qui</span> <span class='ocrx_word' id='word_1_28' title='bbox 457 977 555 1032; x_wconf 88' lang='lat' dir='ltr'>clarus</span> <span class='ocrx_word' id='word_1_29' title='bbox 578 977 701 1042; x_wconf 89' lang='lat' dir='ltr'>meritis,</span> <span class='ocrx_word' id='word_1_30' title='bbox 724 977 843 1032; x_wconf 87' lang='lat' dir='ltr'>iunctus</span> <span class='ocrx_word' id='word_1_31' title='bbox 867 993 900 1032; x_wconf 85' lang='lat' dir='ltr'>es</span> <span class='ocrx_word' id='word_1_32' title='bbox 922 976 1053 1050; x_wconf 77' lang='lat' dir='ltr'>inclytae</span> <span class='ocrx_word' id='word_1_33' title='bbox 1086 968 1102 984; x_wconf 64' lang='grc'><strong>“</strong></span> 
     </span>
     <span class='ocr_line' id='line_1_7' title="bbox 469 1061 846 1136; baseline 0 -19"><span class='ocrx_word' id='word_1_34' title='bbox 469 1061 558 1118; x_wconf 86' lang='lat' dir='ltr'>Casto</span> <span class='ocrx_word' id='word_1_35' title='bbox 581 1061 703 1118; x_wconf 87' lang='lat' dir='ltr'>foedere</span> <span class='ocrx_word' id='word_1_36' title='bbox 725 1062 846 1136; x_wconf 88' lang='lat' dir='ltr'>Virgini.</span> 
     </span>
    </p>
   </div>
   <div class='ocr_carea' id='block_1_4' title="bbox 334 1197 1053 1528">
    <p class='ocr_par' dir='ltr' id='par_1_6' title="bbox 334 1197 1053 1444">
     <span class='ocr_line' id='line_1_8' title="bbox 334 1197 1053 1274; baseline -0.007 -16"><span class='ocrx_word' id='word_1_37' title='bbox 334 1200 353 1258; x_wconf 85' lang='lat'>5</span> <span class='ocrx_word' id='word_1_38' title='bbox 376 1198 463 1255; x_wconf 87' lang='lat' dir='ltr'>Almo</span> <span class='ocrx_word' id='word_1_39' title='bbox 487 1215 554 1254; x_wconf 86' lang='lat' dir='ltr'>oum</span> <span class='ocrx_word' id='word_1_40' title='bbox 577 1197 719 1255; x_wconf 87' lang='lat' dir='ltr'>tumidam</span> <span class='ocrx_word' id='word_1_41' title='bbox 742 1201 873 1272; x_wconf 83' lang='lat' dir='ltr'>germine</span> <span class='ocrx_word' id='word_1_42' title='bbox 897 1199 1053 1274; x_wconf 86' lang='lat' dir='ltr'>coniugem</span> 
     </span>
     <span class='ocr_line' id='line_1_9' title="bbox 375 1282 949 1360; baseline -0.002 -19"><span class='ocrx_word' id='word_1_43' title='bbox 375 1285 543 1351; x_wconf 89' lang='lat' dir='ltr'>Admirans,</span> <span class='ocrx_word' id='word_1_44' title='bbox 568 1282 662 1340; x_wconf 92' lang='lat' dir='ltr'>dubio.</span> <span class='ocrx_word' id='word_1_45' title='bbox 680 1285 813 1360; x_wconf 86' lang='lat' dir='ltr'>tangeris</span> <span class='ocrx_word' id='word_1_46' title='bbox 837 1285 949 1358; x_wconf 66' lang='lat' dir='ltr'>annius,</span> 
     </span>
     <span class='ocr_line' id='line_1_10' title="bbox 374 1368 929 1444; baseline 0 -18"><span class='ocrx_word' id='word_1_47' title='bbox 374 1371 487 1427; x_wconf 87' lang='lat' dir='ltr'>Afflatu</span> <span class='ocrx_word' id='word_1_48' title='bbox 510 1371 611 1442; x_wconf 86' lang='lat' dir='ltr'>superi</span> <span class='ocrx_word' id='word_1_49' title='bbox 632 1369 771 1426; x_wconf 79' lang='lat' dir='ltr'>Flaminis</span> <span class='ocrx_word' id='word_1_50' title='bbox 793 1368 929 1444; x_wconf 77' lang='lat' dir='ltr'>Angelus</span> 
     </span>
    </p>

    <p class='ocr_par' dir='ltr' id='par_1_7' title="bbox 470 1453 920 1528">
     <span class='ocr_line' id='line_1_11' title="bbox 470 1453 920 1528; baseline 0 -16"><span class='ocrx_word' id='word_1_51' title='bbox 470 1455 655 1528; x_wconf 84' lang='lat' dir='ltr'>Conceptum</span> <span class='ocrx_word' id='word_1_52' title='bbox 675 1473 802 1528; x_wconf 88' lang='lat' dir='ltr'>puerum</span> <span class='ocrx_word' id='word_1_53' title='bbox 825 1453 920 1512; x_wconf 87' lang='lat' dir='ltr'>docet</span> 
     </span>
    </p>
   </div>
   <div class='ocr_carea' id='block_1_5' title="bbox 216 1589 1170 1924">
    <p class='ocr_par' dir='ltr' id='par_1_8' title="bbox 216 1589 1170 1924">
     <span class='ocr_line' id='line_1_12' title="bbox 376 1589 1170 1666; baseline 0.001 -18"><span class='ocrx_word' id='word_1_54' title='bbox 376 1591 422 1648; x_wconf 88' lang='lat' dir='ltr'>Tu</span> <span class='ocrx_word' id='word_1_55' title='bbox 443 1597 545 1648; x_wconf 87' lang='lat' dir='ltr'>natum</span> <span class='ocrx_word' id='word_1_56' title='bbox 567 1593 724 1648; x_wconf 92' lang='lat' dir='ltr'>Dominum</span> <span class='ocrx_word' id='word_1_57' title='bbox 747 1593 878 1666; x_wconf 87' lang='lat' dir='ltr'>stringis,</span> <span class='ocrx_word' id='word_1_58' title='bbox 903 1589 941 1646; x_wconf 90' lang='lat' dir='ltr'>ad</span> <span class='ocrx_word' id='word_1_59' title='bbox 963 1595 1081 1648; x_wconf 84' lang='lat' dir='ltr'>exteras</span> <span class='ocrx_word' id='word_1_60' title='bbox 1115 1643 1120 1646; x_wconf 92' lang='lat'>.</span> <span class='ocrx_word' id='word_1_61' title='bbox 1166 1595 1170 1602; x_wconf 84' lang='grc'><strong><em>’</em></strong></span> 
     </span>
     <span class='ocr_line' id='line_1_13' title="bbox 216 1670 1045 1754; baseline -0.002 -18"><span class='ocrx_word' id='word_1_62' title='bbox 216 1670 219 1679; x_wconf 63' lang='grc'>’</span> <span class='ocrx_word' id='word_1_63' title='bbox 315 1678 353 1736; x_wconf 84' lang='lat'>10</span> <span class='ocrx_word' id='word_1_64' title='bbox 375 1677 508 1752; x_wconf 76' lang='lat' dir='ltr'>Aegypti</span> <span class='ocrx_word' id='word_1_65' title='bbox 529 1679 688 1751; x_wconf 80' lang='lat' dir='ltr'>profugum</span> <span class='ocrx_word' id='word_1_66' title='bbox 711 1681 743 1733; x_wconf 90' lang='lat' dir='ltr'>tu</span> <span class='ocrx_word' id='word_1_67' title='bbox 767 1678 903 1752; x_wconf 85' lang='lat' dir='ltr'>sequeris</span> <span class='ocrx_word' id='word_1_68' title='bbox 924 1677 1045 1754; x_wconf 83' lang='lat' dir='ltr'>plagas3</span> 
     </span>
     <span class='ocr_line' id='line_1_14' title="bbox 374 1753 1031 1838; baseline 0.005 -21"><span class='ocrx_word' id='word_1_69' title='bbox 374 1753 525 1818; x_wconf 84' lang='lat' dir='ltr'>Amissum</span> <span class='ocrx_word' id='word_1_70' title='bbox 548 1763 677 1837; x_wconf 85' lang='lat' dir='ltr'>Solymis</span> <span class='ocrx_word' id='word_1_71' title='bbox 700 1765 830 1838; x_wconf 88' lang='lat' dir='ltr'>quaeris,</span> <span class='ocrx_word' id='word_1_72' title='bbox 855 1767 885 1818; x_wconf 89' lang='lat' dir='ltr'>et</span> <span class='ocrx_word' id='word_1_73' title='bbox 907 1764 1031 1832; x_wconf 80' lang='lat' dir='ltr'>invenis,</span> 
     </span>
     <span class='ocr_line' id='line_1_15' title="bbox 442 1847 881 1924; baseline 0 -20"><span class='ocrx_word' id='word_1_74' title='bbox 442 1875 445 1888; x_wconf 43' lang='grc' dir='ltr'>ι</span> <span class='ocrx_word' id='word_1_75' title='bbox 466 1849 598 1906; x_wconf 79' lang='lat' dir='ltr'>Miscens</span> <span class='ocrx_word' id='word_1_76' title='bbox 621 1847 731 1924; x_wconf 84' lang='lat' dir='ltr'>gaudia</span> <span class='ocrx_word' id='word_1_77' title='bbox 752 1849 881 1904; x_wconf 86' lang='lat' dir='ltr'>fletibus.</span> 
     </span>
    </p>
   </div>
   <div class='ocr_carea' id='block_1_6' title="bbox 306 1985 1142 2320">
    <p class='ocr_par' dir='ltr' id='par_1_9' title="bbox 306 1985 1142 2320">
     <span class='ocr_line' id='line_1_16' title="bbox 375 1985 1116 2060; baseline 0.004 -20"><span class='ocrx_word' id='word_1_78' title='bbox 375 1985 597 2042; x_wconf 83' lang='lat' dir='ltr'>Postmortem</span> <span class='ocrx_word' id='word_1_79' title='bbox 619 1985 751 2060; x_wconf 86' lang='lat' dir='ltr'>reliquos</span> <span class='ocrx_word' id='word_1_80' title='bbox 772 2002 853 2042; x_wconf 87' lang='lat' dir='ltr'>mors</span> <span class='ocrx_word' id='word_1_81' title='bbox 875 1986 925 2059; x_wconf 89' lang='lat' dir='ltr'>pia</span> <span class='ocrx_word' id='word_1_82' title='bbox 949 1990 1116 2054; x_wconf 84' lang='lat' dir='ltr'>consecrat,</span> 
     </span>
     <span class='ocr_line' id='line_1_17' title="bbox 306 2064 1142 2145; baseline -0.001 -19"><span class='ocrx_word' id='word_1_83' title='bbox 306 2064 309 2070; x_wconf 78' lang='grc'><strong>’</strong></span> <span class='ocrx_word' id='word_1_84' title='bbox 372 2069 566 2145; x_wconf 74' lang='lat' dir='ltr'>Palmumque</span> <span class='ocrx_word' id='word_1_85' title='bbox 590 2072 729 2126; x_wconf 88' lang='lat' dir='ltr'>emeritos</span> <span class='ocrx_word' id='word_1_86' title='bbox 752 2071 847 2144; x_wconf 88' lang='lat' dir='ltr'>gloria</span> <span class='ocrx_word' id='word_1_87' title='bbox 871 2071 1008 2145; x_wconf 85' lang='lat' dir='ltr'>suscipit:</span> <span class='ocrx_word' id='word_1_88' title='bbox 1138 2078 1142 2084; x_wconf 80' lang='grc'>”</span> 
     </span>
     <span class='ocr_line' id='line_1_18' title="bbox 313 2155 1004 2230; baseline -0.004 -16"><span class='ocrx_word' id='word_1_89' title='bbox 313 2155 351 2214; x_wconf 83' lang='grc'>15</span> <span class='ocrx_word' id='word_1_90' title='bbox 374 2156 420 2212; x_wconf 86' lang='lat' dir='ltr'>Tu</span> <span class='ocrx_word' id='word_1_91' title='bbox 442 2158 555 2224; x_wconf 82' lang='lat' dir='ltr'>vivens,</span> <span class='ocrx_word' id='word_1_92' title='bbox 580 2155 702 2230; x_wconf 88' lang='lat' dir='ltr'>Superis</span> <span class='ocrx_word' id='word_1_93' title='bbox 724 2172 788 2228; x_wconf 87' lang='lat' dir='ltr'>par,</span> <span class='ocrx_word' id='word_1_94' title='bbox 811 2156 918 2212; x_wconf 82' lang='lat' dir='ltr'>frueris</span> <span class='ocrx_word' id='word_1_95' title='bbox 941 2156 1004 2212; x_wconf 90' lang='lat' dir='ltr'>Deo</span> 
     </span>
     <span class='ocr_line' id='line_1_19' title="bbox 466 2237 792 2320; baseline -0.006 -22"><span class='ocrx_word' id='word_1_96' title='bbox 466 2237 543 2298; x_wconf 88' lang='lat' dir='ltr'>Mira</span> <span class='ocrx_word' id='word_1_97' title='bbox 552 2245 646 2320; x_wconf 22' lang='lat' dir='ltr'>*sorte</span> <span class='ocrx_word' id='word_1_98' title='bbox 668 2240 792 2308; x_wconf 84' lang='lat' dir='ltr'>beatior.</span> 
     </span>
    </p>
   </div>
   <div class='ocr_carea' id='block_1_7' title="bbox 265 2376 1074 2710">
    <p class='ocr_par' dir='ltr' id='par_1_10' title="bbox 265 2376 1074 2710">
     <span class='ocr_line' id='line_1_20' title="bbox 373 2376 1074 2452; baseline -0.001 -17"><span class='ocrx_word' id='word_1_99' title='bbox 373 2377 476 2446; x_wconf 89' lang='lat' dir='ltr'>Nobis,</span> <span class='ocrx_word' id='word_1_100' title='bbox 501 2395 614 2434; x_wconf 90' lang='lat' dir='ltr'>summa</span> <span class='ocrx_word' id='word_1_101' title='bbox 636 2377 731 2446; x_wconf 86' lang='lat' dir='ltr'>Trias,</span> <span class='ocrx_word' id='word_1_102' title='bbox 754 2393 845 2452; x_wconf 86' lang='lat' dir='ltr'>parce</span> <span class='ocrx_word' id='word_1_103' title='bbox 867 2376 1074 2452; x_wconf 83' lang='lat' dir='ltr'>precantibus;</span> 
     </span>
     <span class='ocr_line' id='line_1_21' title="bbox 337 2462 990 2538; baseline -0.009 -14"><span class='ocrx_word' id='word_1_104' title='bbox 337 2516 347 2524; x_wconf 65' lang='grc'><em>,</em></span> <span class='ocrx_word' id='word_1_105' title='bbox 373 2463 419 2521; x_wconf 87' lang='lat' dir='ltr'>Da</span> <span class='ocrx_word' id='word_1_106' title='bbox 440 2463 552 2538; x_wconf 88' lang='lat' dir='ltr'>Ioseph</span> <span class='ocrx_word' id='word_1_107' title='bbox 573 2465 686 2520; x_wconf 86' lang='lat' dir='ltr'>meritis</span> <span class='ocrx_word' id='word_1_108' title='bbox 710 2462 808 2520; x_wconf 88' lang='lat' dir='ltr'>sidera</span> <span class='ocrx_word' id='word_1_109' title='bbox 831 2462 990 2520; x_wconf 83' lang='lat' dir='ltr'>scandere:</span> 
     </span>
     <span class='ocr_line' id='line_1_22' title="bbox 265 2538 986 2622; baseline -0.003 -14"><span class='ocrx_word' id='word_1_110' title='bbox 265 2579 269 2588; x_wconf 78' lang='lat'><em>-</em></span> <span class='ocrx_word' id='word_1_111' title='bbox 371 2550 412 2608; x_wconf 79' lang='lat' dir='ltr'>ut</span> <span class='ocrx_word' id='word_1_112' title='bbox 433 2549 554 2606; x_wconf 88' lang='lat' dir='ltr'>tandem</span> <span class='ocrx_word' id='word_1_113' title='bbox 575 2549 665 2606; x_wconf 89' lang='lat' dir='ltr'>liceat</span> <span class='ocrx_word' id='word_1_114' title='bbox 686 2565 741 2605; x_wconf 88' lang='lat' dir='ltr'>nos</span> <span class='ocrx_word' id='word_1_115' title='bbox 764 2548 817 2605; x_wconf 91' lang='lat' dir='ltr'>tibi</span> <span class='ocrx_word' id='word_1_116' title='bbox 838 2538 986 2622; x_wconf 81' lang='lat' dir='ltr'>perpetim</span> 
     </span>
     <span class='ocr_line' id='line_1_23' title="bbox 309 2635 932 2710; baseline -0.006 -16"><span class='ocrx_word' id='word_1_117' title='bbox 309 2635 351 2694; x_wconf 83' lang='lat'>20</span> <span class='ocrx_word' id='word_1_118' title='bbox 468 2635 593 2707; x_wconf 80' lang='lat' dir='ltr'>Gratum</span> <span class='ocrx_word' id='word_1_119' title='bbox 614 2651 752 2710; x_wconf 86' lang='lat' dir='ltr'>promere</span> <span class='ocrx_word' id='word_1_120' title='bbox 775 2635 932 2690; x_wconf 86' lang='lat' dir='ltr'>canticum.</span> 
     </span>
    </p>
   </div>
   <div class='ocr_carea' id='block_1_8' title="bbox 220 2769 1274 2921">
    <p class='ocr_par' dir='ltr' id='par_1_11' title="bbox 220 2769 1274 2921">
     <span class='ocr_line' id='line_1_24' title="bbox 305 2769 1274 2852; baseline -0.002 -24"><span class='ocrx_word' id='word_1_121' title='bbox 305 2771 344 2828; x_wconf 89' lang='lat' dir='ltr'>Ut</span> <span class='ocrx_word' id='word_1_122' title='bbox 373 2771 431 2829; x_wconf 95' lang='lat' dir='ltr'>duo</span> <span class='ocrx_word' id='word_1_123' title='bbox 462 2777 624 2850; x_wconf 84' lang='lat' dir='ltr'>sequentes</span> <span class='ocrx_word' id='word_1_124' title='bbox 653 2776 725 2846; x_wconf 85' lang='lat' dir='ltr'>post</span> <span class='ocrx_word' id='word_1_125' title='bbox 746 2769 857 2828; x_wconf 86' lang='lat' dir='ltr'>Urbani</span> <span class='ocrx_word' id='word_1_126' title='bbox 880 2769 955 2828; x_wconf 81' lang='lat' dir='ltr'>VdIl:</span> <span class='ocrx_word' id='word_1_127' title='bbox 979 2775 1116 2846; x_wconf 84' lang='lat' dir='ltr'>tempora</span> <span class='ocrx_word' id='word_1_128' title='bbox 1136 2770 1274 2852; x_wconf 71' lang='lat' dir='ltr'>Breviorio</span> 
     </span>
     <span class='ocr_line' id='line_1_25' title="bbox 220 2856 584 2921; baseline 0.003 -9"><span class='ocrx_word' id='word_1_129' title='bbox 220 2856 359 2914; x_wconf 85' lang='lat' dir='ltr'>insertus.</span> <span class='ocrx_word' id='word_1_130' title='bbox 486 2867 493 2884; x_wconf 77' lang='grc'>·’</span> <span class='ocrx_word' id='word_1_131' title='bbox 579 2905 584 2921; x_wconf 89' lang='grc'><strong>,</strong></span> 
     </span>
    </p>
   </div>
   <div class='ocr_carea' id='block_1_9' title="bbox 654 2949 854 2960">
    <p class='ocr_par' dir='ltr' id='par_1_12' title="bbox 654 2949 854 2960">
     <span class='ocr_line' id='line_1_26' title="bbox 654 2949 854 2960; baseline 0.01 -2"><span class='ocrx_word' id='word_1_132' title='bbox 654 2949 854 2960; x_wconf 56' lang='lat' dir='ltr'><em>m</em></span> 
     </span>
    </p>
   </div>
   <div class='ocr_carea' id='block_1_10' title="bbox 250 3055 1144 3238">
    <p class='ocr_par' dir='ltr' id='par_1_13' title="bbox 250 3055 1144 3238">
     <span class='ocr_line' id='line_1_27' title="bbox 250 3055 1144 3164; baseline 0.001 -30"><span class='ocrx_word' id='word_1_133' title='bbox 250 3097 253 3104; x_wconf 54' lang='grc'><strong>&gt;</strong></span> <span class='ocrx_word' id='word_1_134' title='bbox 369 3063 539 3136; x_wconf 74' lang='lat' dir='ltr'>Coclitum</span> <span class='ocrx_word' id='word_1_135' title='bbox 560 3067 692 3153; x_wconf 77' lang='lat' dir='ltr'>loseph</span> <span class='ocrx_word' id='word_1_136' title='bbox 717 3055 837 3153; x_wconf 68' lang='lat' dir='ltr'>decue,</span> <span class='ocrx_word' id='word_1_137' title='bbox 860 3071 965 3156; x_wconf 81' lang='lat' dir='ltr'>atque</span> <span class='ocrx_word' id='word_1_138' title='bbox 986 3071 1144 3164; x_wconf 78' lang='lat' dir='ltr'>nostrae.</span> 
     </span>
     <span class='ocr_line' id='line_1_28' title="bbox 523 3169 984 3238; baseline 0.004 -18"><span class='ocrx_word' id='word_1_139' title='bbox 523 3169 568 3222; x_wconf 92' lang='lat' dir='ltr'>De</span> <span class='ocrx_word' id='word_1_140' title='bbox 587 3169 614 3222; x_wconf 86' lang='lat' dir='ltr'>S.</span> <span class='ocrx_word' id='word_1_141' title='bbox 632 3169 735 3238; x_wconf 86' lang='lat' dir='ltr'>Ioseph</span> <span class='ocrx_word' id='word_1_142' title='bbox 753 3169 790 3222; x_wconf 86' lang='lat' dir='ltr'>ad</span> <span class='ocrx_word' id='word_1_143' title='bbox 807 3169 984 3224; x_wconf 79' lang='lat' dir='ltr'>Matutinum.</span> 
     </span>
    </p>
   </div>
   <div class='ocr_carea' id='block_1_11' title="bbox 371 3297 1038 3628">
    <p class='ocr_par' dir='ltr' id='par_1_14' title="bbox 372 3297 1038 3374">
     <span class='ocr_line' id='line_1_29' title="bbox 372 3297 1038 3374; baseline 0.002 -18"><span class='ocrx_word' id='word_1_144' title='bbox 372 3299 520 3356; x_wconf 83' lang='lat' dir='ltr'>Coelitum</span> <span class='ocrx_word' id='word_1_145' title='bbox 542 3298 653 3372; x_wconf 90' lang='lat' dir='ltr'>Ioseph</span> <span class='ocrx_word' id='word_1_146' title='bbox 677 3297 785 3365; x_wconf 70' lang='lat' dir='ltr'>decus.</span> <span class='ocrx_word' id='word_1_147' title='bbox 802 3302 894 3374; x_wconf 86' lang='lat' dir='ltr'>atque</span> <span class='ocrx_word' id='word_1_148' title='bbox 916 3304 1038 3357; x_wconf 87' lang='lat' dir='ltr'>nostrae</span> 
     </span>
    </p>

    <p class='ocr_par' dir='ltr' id='par_1_15' title="bbox 372 3384 1019 3459">
     <span class='ocr_line' id='line_1_30' title="bbox 372 3384 1019 3459; baseline 0.002 -18"><span class='ocrx_word' id='word_1_149' title='bbox 372 3384 461 3442; x_wconf 83' lang='lat' dir='ltr'>Certa</span> <span class='ocrx_word' id='word_1_150' title='bbox 485 3402 554 3458; x_wconf 91' lang='lat' dir='ltr'>spes</span> <span class='ocrx_word' id='word_1_151' title='bbox 576 3386 666 3451; x_wconf 89' lang='lat' dir='ltr'>vitae,</span> <span class='ocrx_word' id='word_1_152' title='bbox 690 3384 887 3459; x_wconf 82' lang='lat' dir='ltr'>columenque</span> <span class='ocrx_word' id='word_1_153' title='bbox 909 3385 1019 3454; x_wconf 85' lang='lat' dir='ltr'>mundi,</span> 
     </span>
    </p>

    <p class='ocr_par' dir='ltr' id='par_1_16' title="bbox 371 3461 1004 3628">
     <span class='ocr_line' id='line_1_31' title="bbox 371 3461 961 3545; baseline 0 -19"><span class='ocrx_word' id='word_1_154' title='bbox 371 3469 454 3540; x_wconf 81' lang='lat' dir='ltr'>Quas</span> <span class='ocrx_word' id='word_1_155' title='bbox 477 3470 530 3526; x_wconf 91' lang='lat' dir='ltr'>tibi</span> <span class='ocrx_word' id='word_1_156' title='bbox 551 3469 624 3525; x_wconf 85' lang='lat' dir='ltr'>laeti</span> <span class='ocrx_word' id='word_1_157' title='bbox 647 3461 789 3541; x_wconf 79' lang='lat' dir='ltr'>canimus,</span> <span class='ocrx_word' id='word_1_158' title='bbox 813 3470 961 3545; x_wconf 86' lang='lat' dir='ltr'>benignus</span> 
     </span>
     <span class='ocr_line' id='line_1_32' title="bbox 464 3545 1004 3628; baseline -0.009 -16"><span class='ocrx_word' id='word_1_159' title='bbox 464 3551 590 3628; x_wconf 85' lang='lat' dir='ltr'>Suscipe</span> <span class='ocrx_word' id='word_1_160' title='bbox 612 3553 727 3610; x_wconf 87' lang='lat' dir='ltr'>laudes.</span> <span class='ocrx_word' id='word_1_161' title='bbox 1000 3545 1004 3558; x_wconf 89' lang='lat'>&#39;</span> 
     </span>
    </p>
   </div>
   <div class='ocr_carea' id='block_1_12' title="bbox 327 3689 1062 4004">
    <p class='ocr_par' dir='ltr' id='par_1_17' title="bbox 327 3689 1062 4004">
     <span class='ocr_line' id='line_1_33' title="bbox 327 3689 921 3766; baseline -0.002 -15"><span class='ocrx_word' id='word_1_162' title='bbox 327 3690 346 3751; x_wconf 82' lang='lat'>5</span> <span class='ocrx_word' id='word_1_163' title='bbox 370 3693 413 3764; x_wconf 74' lang='lat' dir='ltr'>Te</span> <span class='ocrx_word' id='word_1_164' title='bbox 437 3692 525 3748; x_wconf 86' lang='lat' dir='ltr'>Sator</span> <span class='ocrx_word' id='word_1_165' title='bbox 546 3709 645 3747; x_wconf 90' lang='lat' dir='ltr'>rerum</span> <span class='ocrx_word' id='word_1_166' title='bbox 668 3693 772 3748; x_wconf 89' lang='lat' dir='ltr'>statuit</span> <span class='ocrx_word' id='word_1_167' title='bbox 786 3689 921 3766; x_wconf 87' lang='lat' dir='ltr'>‘pudicae</span> 
     </span>
     <span class='ocr_line' id='line_1_34' title="bbox 369 3777 963 3852; baseline 0 -18"><span class='ocrx_word' id='word_1_168' title='bbox 369 3779 498 3852; x_wconf 83' lang='lat' dir='ltr'>Virginis</span> <span class='ocrx_word' id='word_1_169' title='bbox 523 3795 674 3850; x_wconf 85' lang='lat' dir='ltr'>sponsum,</span> <span class='ocrx_word' id='word_1_170' title='bbox 698 3778 851 3852; x_wconf 80' lang='lat' dir='ltr'>voluitque</span> <span class='ocrx_word' id='word_1_171' title='bbox 874 3777 963 3835; x_wconf 87' lang='lat' dir='ltr'>Verbi</span> 
     </span>
     <span class='ocr_line' id='line_1_35' title="bbox 370 3861 1062 3936; baseline 0.006 -18"><span class='ocrx_word' id='word_1_172' title='bbox 370 3863 413 3920; x_wconf 83' lang='lat' dir='ltr'>Te</span> <span class='ocrx_word' id='word_1_173' title='bbox 435 3868 552 3936; x_wconf 85' lang='lat' dir='ltr'>patrem</span> <span class='ocrx_word' id='word_1_174' title='bbox 575 3862 642 3930; x_wconf 74' lang='lat' dir='ltr'>dici</span> <span class='ocrx_word' id='word_1_175' title='bbox 667 3861 750 3919; x_wconf 90' lang='lat' dir='ltr'>dedit</span> <span class='ocrx_word' id='word_1_176' title='bbox 771 3867 802 3919; x_wconf 89' lang='lat' dir='ltr'>et</span> <span class='ocrx_word' id='word_1_177' title='bbox 822 3865 989 3922; x_wconf 86' lang='lat' dir='ltr'>ministrum</span> <span class='ocrx_word' id='word_1_178' title='bbox 1050 3883 1062 3894; x_wconf 66' lang='lat'>¹¹</span> 
     </span>
     <span class='ocr_line' id='line_1_36' title="bbox 460 3948 673 4004; baseline -0.005 0"><span class='ocrx_word' id='word_1_179' title='bbox 460 3949 536 4004; x_wconf 85' lang='lat' dir='ltr'>Esse</span> <span class='ocrx_word' id='word_1_180' title='bbox 559 3948 673 4004; x_wconf 88' lang='lat' dir='ltr'>salutis.</span> 
     </span>
    </p>
   </div>
   <div class='ocr_carea' id='block_1_13' title="bbox 307 4082 1020 4428">
    <p class='ocr_par' dir='ltr' id='par_1_18' title="bbox 307 4082 1020 4333">
     <span class='ocr_line' id='line_1_37' title="bbox 369 4082 966 4154; baseline 0.008 -14"><span class='ocrx_word' id='word_1_181' title='bbox 369 4084 415 4140; x_wconf 88' lang='lat' dir='ltr'>Tu</span> <span class='ocrx_word' id='word_1_182' title='bbox 436 4082 646 4140; x_wconf 88' lang='lat' dir='ltr'>Redemtorem</span> <span class='ocrx_word' id='word_1_183' title='bbox 670 4083 787 4141; x_wconf 89' lang='lat' dir='ltr'>stabulo</span> <span class='ocrx_word' id='word_1_184' title='bbox 809 4086 966 4154; x_wconf 85' lang='lat' dir='ltr'>iacentem,</span> 
     </span>
     <span class='ocr_line' id='line_1_38' title="bbox 307 4168 1020 4251; baseline 0.003 -23"><span class='ocrx_word' id='word_1_185' title='bbox 307 4170 346 4228; x_wconf 86' lang='lat'>10</span> <span class='ocrx_word' id='word_1_186' title='bbox 369 4169 465 4238; x_wconf 82' lang='lat' dir='ltr'>Quem</span> <span class='ocrx_word' id='word_1_187' title='bbox 487 4168 596 4226; x_wconf 87' lang='lat' dir='ltr'>chorus</span> <span class='ocrx_word' id='word_1_188' title='bbox 619 4170 727 4228; x_wconf 85' lang='lat' dir='ltr'>Vatum</span> <span class='ocrx_word' id='word_1_189' title='bbox 751 4172 858 4243; x_wconf 77' lang='lat' dir='ltr'>cecinit</span> <span class='ocrx_word' id='word_1_190' title='bbox 879 4172 1020 4251; x_wconf 62' lang='lat' dir='ltr'>fatuum</span> 
     </span>
     <span class='ocr_line' id='line_1_39' title="bbox 367 4253 984 4333; baseline 0.008 -23"><span class='ocrx_word' id='word_1_191' title='bbox 367 4254 488 4328; x_wconf 81' lang='lat' dir='ltr'>Aspicis</span> <span class='ocrx_word' id='word_1_192' title='bbox 500 4253 667 4332; x_wconf 67' lang='lat' dir='ltr'>gaudens,</span> <span class='ocrx_word' id='word_1_193' title='bbox 678 4255 858 4333; x_wconf 88' lang='lat' dir='ltr'>humilisque</span> <span class='ocrx_word' id='word_1_194' title='bbox 880 4261 984 4314; x_wconf 89' lang='lat' dir='ltr'>natum</span> 
     </span>
    </p>

    <p class='ocr_par' dir='ltr' id='par_1_19' title="bbox 371 4337 716 4428">
     <span class='ocr_line' id='line_1_40' title="bbox 371 4337 716 4428; baseline 0.006 -36"><span class='ocrx_word' id='word_1_195' title='bbox 371 4413 373 4419; x_wconf 15' lang='grc' dir='ltr'><em>υ</em></span> <span class='ocrx_word' id='word_1_196' title='bbox 460 4337 576 4394; x_wconf 90' lang='lat' dir='ltr'>Numen</span> <span class='ocrx_word' id='word_1_197' title='bbox 599 4338 716 4428; x_wconf 63' lang='lat' dir='ltr'>adoras.</span> 
     </span>
    </p>
   </div>
   <div class='ocr_carea' id='block_1_14' title="bbox 0 0 1368 5028">
    <p class='ocr_par' dir='ltr' id='par_1_20' title="bbox 0 0 1368 5028">
     <span class='ocr_line' id='line_1_41' title="bbox 0 0 1368 5028; baseline 0 0"><span class='ocrx_word' id='word_1_198' title='bbox 0 0 1368 5028; x_wconf 95' lang='lat' dir='ltr'> </span> 
     </span>
    </p>
   </div>
  </div>
 </body>
</html>
