2904 5028
319 535 363 592 nx
383 534 434 592 illo
457 539 592 608 tempore
619 535 843 608 sequentiarum
871 533 902 590 in
930 532 1066 590 Ecclesia
1096 532 1191 590 crevit
1221 551 1302 602 usus,

236 637 295 678 non
317 626 417 676 tamen
432 620 495 674 sine
517 635 601 674 mora
616 617 745 692 quadarn
761 623 792 673 et
807 619 1038 692 oppugnatione.
1076 617 1107 676 S.
1125 617 1224 684 Odilo,
1240 634 1302 674 sae-

235 707 302 762 culo
325 705 386 771 xl,
410 705 458 762 vix
474 703 600 758 obtinuit
620 707 654 758 ut
675 703 756 776 apud
773 703 986 760 Cluniacenses
1010 720 1081 758 snos
1096 719 1159 780 una
1180 720 1302 778 sequen·

235 792 285 856 tia,
310 790 486 862 Spiritus
509 788 678 845 Sanctus
700 788 815 844 nobis
838 787 949 844 adsit
972 789 1114 861 gnatia,
1139 781 1302 845 caneretur.

236 875 289 946 „In
312 875 442 948 antiquis
464 873 546 928 libris
574 866 752 940 Romanis,“
780 874 876 946 inquit
904 871 1081 945 Radulphus
1111 871 1303 946 Tungrensis,

235 959 371 1034 „aliquas
394 957 455 1016 vidi
478 959 668 1032 sequentias:
696 958 780 1020 multi
804 962 904 1013 autem
925 957 1034 1014 multas
1063 956 1302 1026 introduxerunt:

235 1045 363 1120 quisque
387 1041 500 1118 gaudet
523 1044 584 1098 suis
600 1033 812 1100 novitatibus.“
850 1041 941 1114 Apud
956 1041 1154 1109 Germaniam,
1171 1041 1303 1108 Galliam,

234 1129 386 1202 Angliam,
412 1125 637 1192 Scandinaviam
657 1128 810 1182 innumera
828 1144 905 1199 pene
929 1128 1022 1183 crevit
1042 1126 1216 1182 multitudo:
1240 1126 1305 1184 Itali

234 1230 315 1278 vero,
339 1217 372 1268 ut
395 1217 425 1268 et
447 1211 609 1286 Hispaniae
632 1214 789 1284 utriusque
812 1211 953 1277 eeclesia,
977 1228 1045 1268 sese
1070 1228 1188 1284 semper
1212 1210 1305 1268 durio-

234 1314 283 1353 res
308 1313 381 1370 erga
403 1296 496 1352 hasce
519 1313 626 1369 prosas
643 1297 853 1369 probaverunt.
891 1295 962 1368 Ipse
983 1295 1053 1352 dnm
1067 1293 1245 1369 Hispaniam
1262 1294 1305 1352 lu·

237 1380 378 1448 strabam,
403 1380 630 1454 diligentissima
651 1381 786 1438 Missalia
808 1382 974 1438 vetustiora
1004 1376 1213 1453 perscrutatus
1244 1398 1305 1436 sum

237 1482 317 1540 cura,
340 1465 548 1522 Braeharense
571 1483 623 1533 su,
646 1465 856 1532 Pallantinum,
873 1464 1198 1540 caesaraugustanum,
1222 1465 1305 1522 Tole-

235 1556 347 1617 tanum‚
370 1550 555 1608 Emeritense
579 1555 645 1623 eta,
669 1567 828 1624 unamque,
851 1567 906 1606 nee
929 1549 1041 1624 plnres,
1064 1551 1164 1609 inveni
1181 1566 1304 1624 sequen·
1390 1582 1392 1586 -

235 1637 316 1703 tiam,
340 1652 417 1710 quae
442 1653 476 1690 ex
490 1635 635 1708 Hispania
657 1637 801 1708 originem
816 1637 942 1690 traxisse
958 1635 1029 1690 mihi
1045 1636 1109 1692 visa
1132 1640 1196 1692 est:
1221 1634 1306 1690 Gan·

236 1719 323 1776 dete
345 1737 413 1775 vos
436 1703 599 1786 fideles,
617 1737 706 1794 quam
722 1719 923 1776 excudendum
940 1721 1041 1776 curavi
1057 1718 1303 1792 (Ecclesiologist.

235 1803 285 1862 XI.
310 1801 392 1868 282).
437 1805 668 1862 Verumtamen
699 1810 760 1874 est,
791 1804 1169 1872 EcclesiamLusitanam,
1200 1803 1305 1864 iudea

235 1889 392 1962 Philippae
413 1889 642 1962 Laneastrensis
665 1889 849 1964 temporibus
872 1887 963 1955 (circa
978 1905 1051 1944 ann.
1080 1887 1183 1955 1390.)
1204 1892 1303 1944 nostro

237 1973 450 2029 Sarisbnriensi
472 1975 585 2029 missali
606 1991 692 2030 usam
714 1975 815 2030 fnisse.
860 1973 900 2030 at
924 1991 958 2030 eo
981 1991 1039 2035 usu
1061 1975 1234 2047 antiquato,
1257 1989 1303 2028 an-

236 2060 375 2132 tiquatae
398 2059 487 2114 etiam
498 2063 567 2114 sunt
578 2059 754 2132 plerumque
778 2060 962 2132 sequentiae.
1006 2057 1058 2128 De,
1072 2058 1119 2114 his
1142 2059 1233 2116 rebus
1256 2074 1304 2129 op·

236 2145 315 2210 time,
340 2147 373 2198 ut
396 2142 482 2210 solet,
505 2143 652 2199 Martinus
677 2142 850 2210 Gerbertus,
874 2144 922 2198 De
953 2147 1070 2198 cantu
1092 2147 1130 2198 et
1159 2143 1304 2198 musica

237 2219 365 2294 sacra,
389 2231 459 2282 tom.
483 2227 504 2282 I.
527 2246 556 2302 p.
581 2227 651 2285 410.

321 2329 359 2386 Et
380 2330 475 2402 primo
499 2328 619 2403 quidem
642 2334 785 2402 tanquam
807 2327 845 2384 ad
867 2329 979 2386 fontem
1007 2333 1037 2384 et
1066 2317 1215 2402 originem
1223 2328 1303 2402 gefe·
1335 2310 1337 2314 ¹

241 2451 410 2464 ...ψ-...-
422 2457 432 2461 ..

236 2520 391 2578 obtulissem,
409 2521 453 2572 ille
469 2521 555 2572 studio
574 2535 631 2572 meo
650 2523 872 2589 conprimatur)
885 2521 1052 2590 imperitique
1062 2537 1222 2592 compassus,
1241 2534 1304 2593 quae

231 2588 398 2654 placuerunt,
418 2589 541 2648 laudauit,
561 2604 628 2654 quae
639 2593 725 2642 autem
743 2591 833 2652 minus,
852 2591 993 2642 emendare
1005 2591 1115 2650 curauit,
1130 2591 1230 2642 dicens:
1247 2587 1302 2640 Sin-

235 2656 289 2720 pali
295 2657 325 2718 ¹⁰)
343 2657 428 2706 motus
438 2656 585 2708 cantilenae
594 2657 711 2722 stapulas
722 2657 836 2724 syllabas
850 2658 942 2710 debent
954 2657 1096 2720 neaerae)
1131 2655 1209 2720 Quod
1225 2657 1304 2724 epau)

147 2723 153 2736 ’
236 2722 345 2774 audiens
364 2737 395 2772 ea
414 2723 526 2789 quidem,
552 2724 618 2788 quae
636 2726 662 2776 in
684 2727 736 2786 affl)
753 2725 888 2777 centetum
906 2725 942 2776 acl
958 2725 1081 2790 liquidum
1101 2727 1223 2786 correxi,
1241 2735 1303 2790 quae

235 2803 297 2840 uero
315 2791 341 2842 in
359 2791 383 2840 le
400 2793 441 2841 uel
456 2792 519 2852 lun)
555 2793 614 2842 aaut
631 2793 798 2858 impossibilia
815 2794 857 2844 uel
873 2794 1039 2856 attentare¹⁵)
1064 2793 1182 2858 neglexi,
1207 2807 1262 2844 cum
1280 2794 1303 2840 et

235 2857 301 2908 illual
310 2859 408 2924 pastea
426 2859 511 2918 usult)
527 2807 680 2923 liecillimum
693 2859 926 2926 deprehenderim,
945 2862 974 2910 at
992 2861 1072 2912 testes
1090 2864 1161 2924 sunt:
1181 2859 1302 2911 Dominae

234 2925 261 2974 in
278 2922 349 2988 Sina.
372 2921 407 2974 Et
424 2927 552 2988 materlt)
574 2925 682 2992 Hocque
699 2927 775 2978 modo
792 2927 970 2992 instructus¹⁸j
981 2928 1097 2979 secunda
1114 2941 1179 2980 mox
1195 2929 1251 2980 uice
1267 2924 1301 2976 di-

236 2992 316 3042 ctuui:
333 2989 565 3043 Paullatecclesia
588 2997 674 3044 mater
697 2994 804 3045 illibata.
840 2993 911 3056 Quos
933 2997 1076 3046 versiculos
1099 3010 1156 3046 cum
1181 2997 1302 3060 magistra

235 3073 292 3109 meo
310 3055 437 3136 Marcello
450 3063 667 3126 praesentarem,
691 3063 734 3112 ille
757 3062 890 3128 aaudiat)
913 3064 1029 3130 repletus
1050 3064 1076 3113 in
1099 3045 1237 3125 rotulam)
1261 3073 1302 3110 eos

235 3128 366 3190 conpetat
383 3129 410 3175 et
419 3127 516 3192 pueris
533 3129 677 3180 caretandos
695 3129 753 3180 aliis
772 3129 990 3181 alicuiusinuauit.
1021 3127 1133 3196 Cumque
1144 3131 1206 3181 milri
1223 3128 1301 3179 diuis·

235 3195 277 3244 set
294 3195 323 3243 ut
339 3193 365 3243 in
384 3193 493 3244 libellam
508 3199 658 3261 compactos
671 3197 751 3247 alicui
762 3197 980 3278 primorumillos
993 3211 1047 3264 pro
1057 3197 1302 3269 munere-offerrem,

235 3260 925 3398 tttttutttttllltitulis..titt
942 3262 1301 3385 tltuulttutt

236 3393 299 3446 bere
316 3409 439 3447 curarem
458 3399 484 3446 et
502 3411 549 3463 epo
567 3413 608 3448 me
626 3399 662 3449 ud
678 3398 728 3451 ltoc
747 3414 812 3466 opus
829 3401 955 3467 imparem
981 3415 1032 3452 non
1053 3401 1181 3453 immerito
1205 3399 1300 3452 iudico·

235 3474 298 3523 nm,
316 3465 362 3514 eisc
379 3465 482 3516 tandem
501 3467 641 3532 aliquando
659 3469 826 3532 aegrequeffl)
844 3468 882 3518 ad
897 3467 947 3519 loc
964 3470 1094 3520 animatus
1111 3483 1174 3529 sum,
1194 3469 1222 3519 ut
1238 3465 1308 3530 lum„
1403 3445 1404 3466 ³

234 3531 364 3584 minimum
378 3533 582 3598 oileumumque
599 3535 750 3586 codicellum
769 3538 874 3587 restrae
891 3537 1036 3588 celsitudini
1053 3551 1211 3588 consecrare
1220 3531 1300 3607 prae·¹
1398 3565 1401 3572 ·

235 3613 372 3650 sumerem.
400 3598 519 3664 Qucum)
537 3602 561 3652 si
577 3602 603 3651 in
622 3615 652 3652 eo
667 3603 911 3668 placitumuestrae
923 3605 1021 3670 pietati
1034 3617 1194 3670 comperero,
1213 3606 1242 3654 ut
1253 3601 1300 3667 ipss

234 3667 318 3732 fratri
335 3679 392 3718 meo
411 3666 484 3733 apud
498 3665 634 3720 Dominum
652 3669 844 3736 Imperatorem
859 3672 916 3722 sitis
935 3672 1099 3732 (adminicula
1120 3674 1172 3723 tum
1187 3669 1255 3738 quod
1271 3665 1300 3716 tlt

234 3734 288 3784 otta
305 3731 353 3784 Sti.
374 3731 442 3785 eutii
460 3736 600 3788 elaborare
612 3739 788 3804 pertinaciter
805 3739 906 3799 insisto,
926 3741 1041 3804 quamuis
1067 3741 1132 3790 illuct
1145 3739 1231 3804 fratri
1247 3745 1299 3786 meo

235 3798 369 3852 Salomoni
379 3803 459 3868 prim
471 3805 606 3870 pollicitus
622 3805 727 3870 fuerim,
745 3806 816 3858 uobis
826 3807 1027 3858 examinandum
1045 3807 1188 3858 labendum
1206 3805 1300 3872 maique

228 3883 284 3935 per
300 3883 347 3920 uos
364 3870 559 3934 esplanandum
578 3872 694 3938 diripere
709 3873 847 3938 festinabo.
1024 3888 1029 3899 ¹
1236 3893 1243 3898 ’

237 3975 440 3982 ...ἥ-...κοψ-

234 4021 306 4062 Atlae
324 4021 506 4064 malesuasor
523 4023 626 4074 leguntur
646 4024 668 4066 in
688 4024 737 4083 ipsa
756 4025 796 4068 hac
816 4025 936 4080 Sequentia
954 4026 1062 4070 Laudes
1081 4027 1135 4069 lieo
1157 4023 1296 4068 concinat·

234 4071 526 4124 ⁹)P.aongratulans.
555 4073 829 4127 tolitasmguiae.
859 4077 886 4130 11)
901 4078 928 4120 Μ.
944 4089 988 4120 om.
1017 4071 1297 4131 singultiente·
1333 4091 1339 4104 ⁴

234 4121 309 4164 here.
338 4122 366 4175 12)
381 4123 404 4165 P.
420 4125 606 4176 quodantem.
636 4125 655 4159 1³
678 4127 792 4186 lbinia.
818 4128 889 4172 ltin
925 4130 1006 4172 rima.
1036 4119 1296 4182 ¹tilionaiulerel
1328 4175 1331 4182 Ι

234 4173 272 4216 lu.
301 4173 328 4226 ¹⁵)
344 4174 367 4215 P.
383 4180 582 4234 attemperare.
612 4176 639 4260 ltq
664 4177 679 4218 ¹.
694 4189 765 4220 visu.
795 4141 1300 4232 wlmclrtsrusins.(minuebatu-

235 4223 314 4278 etto.)
344 4223 602 4310 18q²blmnstrnctas
640 4226 899 4280 tlepaooiomeo.
932 4231 953 4264 2⁰
976 4231 1140 4274 birotulos.
1174 4226 1295 4281 21)M.a⁰·

206 4281 209 4287 ’
234 4275 337 4326 gitere.
385 4274 436 4326 lli.
454 4277 622 4321 lacunaria.
650 4277 903 4334 summotaque.
930 4231 1092 4336 ²th.quee.
