2772 5024
295 589 407 658 Gentes
431 598 516 650 erant
537 595 568 652 in
589 593 734 654 tenebris:
827 595 923 666 Quem
945 597 1015 658 omn
1036 604 1137 657 vatum
1158 605 1284 675 praescia

233 675 271 734 10
293 675 437 734 Viderunt
458 679 558 736 lumen
580 681 718 756 fulgoris:
828 683 1007 741 Oeeinerunt
1029 686 1158 754 oracula,

176 817 181 828 ό
294 763 368 820 Cum
391 764 529 822 Salvator
551 765 706 824 advenerit
766 767 803 828 15
826 768 911 826 Nune
933 769 1084 828 venietin
1107 772 1200 846 gloria

291 847 448 908 Redimere
472 869 547 928 quos
570 852 709 910 condidit.
826 855 866 912 Ut
887 861 990 912 nostra
1013 861 1098 914 curet
1116 857 1235 916 vulnere

533 970 694 1029 Laetemur
715 983 793 1030 nune
815 974 845 1030 in
867 974 1001 1044 Domino,
1065 989 1071 996 ·

534 1057 627 1115 Simul
648 1060 679 1116 in
700 1059 755 1116 Dei
779 1059 860 1128 Filio,

532 1141 633 1200 Parati
656 1161 724 1201 eum
746 1147 900 1218 suscipere

446 1227 511 1288 ’20
533 1228 689 1288 Adventus
713 1231 758 1288 sui
781 1231 884 1306 gloria.

660 1373 826 1386 --ι-ο-μ.
833 1379 867 1386 ..ο-

496 1455 709 1543 Myctcrium
730 1461 910 1529 eccleciae.
957 1457 1043 1528 Th.
1113 1517 1116 1526 ,
1200 1533 1203 1538 ,
1373 1539 1375 1548 .

263 1555 346 1609 Thes.
365 1556 386 1608 I.
403 1575 430 1625 p.
449 1559 488 1611 79.
524 1559 652 1628 Hymnus
671 1560 698 1614 S.
716 1561 824 1614 Mariae
847 1561 892 1614 vel
911 1563 945 1614 de
964 1561 1120 1615 Nativitate
1139 1560 1257 1615 Domini.

242 1726 247 1738 .
295 1657 390 1712 Monio
408 1659 444 1712 11.
463 1677 489 1728 p.
508 1663 530 1714 1.
554 1662 582 1715 in
605 1664 659 1718 hoc
682 1663 878 1731 antiquissimo
901 1663 1029 1718 Mariano
1052 1664 1176 1718 carmine
1199 1677 1288 1716 reeen-
1375 1657 1376 1670 ¹

228 1729 316 1778 tiores
340 1728 513 1782 solummodo
538 1731 650 1785 codices
672 1737 833 1798 patuerunt.
870 1732 929 1796 (Hs.
954 1733 1004 1784 der
1027 1731 1289 1786 Ambrosianischen

227 1794 388 1848 Bibliothelr
410 1797 447 1860 M,
466 1799 498 1851 25
522 1799 572 1851 des
597 1801 635 1854 15.
653 1801 750 1854 Jahrh.
786 1802 818 1854 A.
841 1802 945 1854 andere
968 1801 1018 1853 Hs.
1037 1801 1173 1854 daselbst
1194 1797 1226 1854 N.
1243 1801 1288 1855 283

228 1864 278 1918 des
298 1865 338 1916 15.
355 1864 452 1918 Jahrh.
470 1865 507 1919 M.
523 1868 590 1933 jone
608 1869 658 1920 mit
677 1871 740 1922 dem
759 1869 845 1921 Titel:
869 1870 897 1922 in
917 1873 1014 1922 sancta
1032 1867 1131 1932 Maria,
1152 1869 1242 1922 diese:
1264 1868 1289 1920 in

227 1932 319 1985 officio
341 1933 520 1988 visitationis.
554 1935 604 1989 Hs.
628 1953 662 1989 zu
685 1937 864 1992 Liohtenthal
886 1938 937 1990 des
957 1938 1111 1992 1111111.
1134 1935 1167 1990 L.
1186 1935 1289 1990 undnu
1317 1975 1320 1984 .

226 2000 381 2056 Karlsruhc
400 2019 425 2056 o.
444 2001 477 2055 N.
497 2005 536 2057 14.
554 2003 651 2058 Jahrh.
670 2006 712 2073 Ο.)
730 2007 785 2060 Μο.
1375 2011 1377 2044 ⁴

313 2115 342 2172 lt.
365 2115 396 2172 C.
419 2117 541 2174 filium.
571 2117 599 2176 7.
622 2119 681 2178 Mo.
705 2137 799 2196 quale
821 2137 902 2176 mer.
924 2122 1008 2176 utin
1032 2117 1150 2176 duobus
1173 2118 1290 2178 Ambro-
1375 2121 1377 2188 ξ

228 2201 327 2257 sienis.
353 2201 419 2257 Vnt.
441 2202 486 2258 W.
516 2205 542 2260 1.
570 2203 602 2260 C.
620 2201 657 2260 L.
685 2211 719 2262 et
741 2225 777 2262 m.
814 2206 842 2262 8.
865 2206 892 2260 A
914 2205 954 2262 M.
974 2209 1148 2268 sanctum.
1189 2203 1290 2263 1511.

113 2355 120 2364 .
227 2285 470 2359 praedixerat.
502 2287 548 2346 16.
571 2287 606 2344 A.
627 2289 737 2346 index
759 2290 940 2364 proderet.
974 2290 1020 2348 19.
1043 2290 1069 2346 A
1091 2289 1132 2348 M.
1157 2291 1292 2348 omittunt

226 2370 340 2437 nobis.
363 2371 412 2430 20.
457 2371 488 2428 C.
512 2363 805 2432 omittJChristus.
842 2377 891 2434 22.
913 2375 972 2432 Mo.
1003 2375 1075 2432 deo.
1113 2376 1141 2431 A
1164 2376 1198 2432 L.
1221 2391 1292 2432 can-

227 2461 409 2514 taverunt.
452 2457 515 2516 Mo:
539 2461 1098 2536 1155ΐί951ωᾶνθσαητανανιίᾳῐονίανη
1121 2461 1192 2518 Dee.

659 2603 862 2616 ..-...-.---

492 2704 524 2772 Α
546 2707 632 2773 som
655 2710 755 2774 ortae
777 2707 935 2775 cardine.
975 2705 1026 2773 M.

447 2807 530 2862 Thoe.
549 2807 570 2861 Ι.
589 2826 615 2876 p.
635 2811 675 2862 21.
710 2807 754 2860 De
773 2807 927 2862 Nativitate
951 2807 1072 2860 Domini.

310 2919 655 2994 Pseudo-ildephonsus
677 2923 706 2976 in
730 2921 872 2978 Sermone
896 2920 934 2977 de
956 2919 1097 2978 Parturit.
1122 2925 1155 2978 et
1177 2919 1292 2978 Purific.

227 3004 357 3061 Sanctae
380 3005 494 3062 Mariae
516 3005 601 3072 (Bibl.
618 3003 676 3062 ΡΡ.
693 3005 831 3080 Lugdun.
848 3007 912 3063 XII.
929 3025 958 3080 p.
975 3006 1061 3072 570);
1085 3007 1163 3063 Hine
1186 3022 1294 3081 quoquc
1377 3029 1379 3066 2

226 3091 295 3146 attor·
308 3091 476 3148 Ambrosius
491 3093 545 3147 cit:
560 3093 609 3148 Fit
616 3099 706 3166 porta
718 3093 824 3150 Christi
832 3095 945 3168 percio,
962 3093 1074 3164 referto
1085 3093 1176 3167 pleno
1191 3093 1293 3168 qratia,

229 3176 402 3249 Transttque
431 3193 487 3232 rea
516 3184 547 3232 et
568 3185 723 3251 permanet
748 3179 855 3234 clausu.
899 3195 928 3251 p.
954 3175 1028 3234 573:
1066 3177 1109 3234 De
1131 3197 1192 3256 qua
1209 3183 1312 3252 porta.

226 3261 326 3318 beatur
341 3263 507 3318 Ambrosius
528 3264 559 3319 in
581 3263 677 3319 eodem
692 3262 804 3336 hymno,
827 3263 863 3318 de
878 3263 1021 3337 queritat,
1045 3281 1127 3336 quem
1143 3265 1175 3318 in
1190 3263 1295 3318 honore

225 3349 425 3403 sanctissimae
439 3349 560 3421 viminis
574 3351 745 3423 oontpormt:
765 3351 802 3420 fit
817 3356 905 3424 porta
924 3349 1029 3406 Christi
1045 3351 1160 3422 percita,
1185 3348 1296 3420 referta

220 3433 311 3508 plena
338 3435 449 3507 qratia,
483 3436 647 3506 transitque
676 3450 732 3490 rece
761 3441 791 3489 et
813 3439 967 3508 permanet
987 3435 1087 3492 clocca
1108 3441 1142 3489 ut
1161 3433 1226 3504 fuit
1241 3448 1295 3507 per

225 3519 331 3575 secula.
367 3517 506 3575 Editores
522 3517 671 3574 Ambrosii
685 3519 814 3574 Maurini
836 3520 1016 3574 auctoritate
1030 3517 1209 3590 Ildephonsi
1231 3515 1296 3584 freti

129 3599 131 3605 ’
225 3603 303 3659 hane
319 3603 474 3678 stropham
488 3605 532 3660 uti
548 3603 697 3660 Ambrosii
712 3619 830 3660 carmen
845 3609 1034 3678 receperunt,
1058 3601 1210 3660 adiunctis
1227 3601 1297 3658 dua·

223 3683 282 3744 hus
305 3689 451 3763 strophis:
491 3687 593 3746 Genus
617 3689 739 3764 superni
762 3689 894 3756 luminis,
918 3689 1021 3746 Honor
1042 3689 1145 3746 matris
1171 3693 1204 3744 et
1226 3703 1297 3766 gau·

226 3773 316 3842 dium,
340 3791 356 3830 5
376 3773 451 3831 libro
468 3773 639 3830 Cassandri.
684 3773 723 3829 Et
745 3791 817 3834 sune
839 3773 909 3830 illae
931 3779 993 3830 tres
1017 3773 1160 3847 strophae
1178 3779 1299 3830 cantum

225 3859 359 3916 efficiunt
387 3859 553 3916 Marianum
582 3860 612 3918 in
634 3859 793 3916 Breviariis
824 3878 883 3915 non
914 3858 1073 3916 admodum
1101 3874 1213 3914 rarum.
1260 3856 1299 3912 At

225 3963 296 4002 vero
313 3962 349 4002 ex
364 3943 518 4001 Thomasii
532 3943 695 4019 Hymnario
711 3945 952 4020 transcripsimus
967 3945 997 4000 in
1009 3943 1200 4000 Thesaurum
1215 3944 1299 4017 hym-

225 4049 308 4087 num:
333 4029 359 4085 A
383 4031 473 4086 solis
497 4035 597 4088 ortus
621 4029 769 4086 cardine
792 4029 1018 4104 quatuordeeim
1035 4028 1247 4107 stropharum,
1270 4028 1298 4083 in

226 4133 351 4192 quarum
374 4131 496 4187 numero
520 4119 636 4190 quarta,
661 4117 766 4189 quinta
789 4121 820 4172 et
843 4121 927 4172 sexta
950 4120 1069 4171 cantum
1091 4113 1178 4170 illum
1203 4112 1300 4170 eccle·

226 4203 380 4258 siasticum
410 4199 558 4256 exhibent.
603 4200 713 4256 Totum
735 4216 855 4258 carmen
885 4217 951 4256 cum
973 4199 1134 4255 Thomasio
1166 4199 1207 4254 ab
1231 4197 1300 4253 Am-

225 4287 325 4343 brosio
349 4285 501 4343 eonditum
525 4301 593 4342 esse
617 4279 795 4342 existimavi:
833 4301 910 4341 nunc
940 4285 999 4341 alia
1028 4283 1133 4340 sentio.
1181 4283 1302 4341 Etenim

226 4371 308 4451 quod
329 4371 368 4430 ad
389 4371 621 4446 Ildephonsum,
644 4372 674 4427 in
697 4370 835 4427 confesso
859 4374 920 4438 est,
945 4385 1111 4427 sermonem
1132 4367 1173 4424 de
1197 4374 1301 4444 partu-
