2772 5024
611 445 675 518 tas

168 623 281 687 Fecisti
303 627 414 686 malum
437 629 592 686 consilium
655 671 661 680 .
706 627 764 684 Per
787 629 968 686 salvatorem
990 632 1097 689 iterum

169 719 201 771 et
224 713 376 770 offendisti
399 715 528 782 nimium,
710 716 792 772 venit
814 732 923 790 magna
944 713 1121 792 redemptio,

169 801 222 876 qni
245 800 371 856 multum
393 804 517 856 secutus
540 817 573 856 es
710 817 770 880 qua
793 806 910 868 cuncta,
933 819 1012 876 quae
1035 805 1137 860 comit·

168 901 303 942 amorem
325 889 357 942 et
378 883 538 942 libidinem.
951 891 1062 955 tuntur,

645 970 685 1030 60
708 969 889 1045 poenitendo
911 973 1109 1030 remittuntur.

102 1089 144 1150 25
169 1090 303 1148 Gloriam
318 1091 438 1166 quaeris
454 1091 484 1146 in
498 1089 620 1166 populo,
709 1089 809 1160 Quare
832 1109 891 1147 non
913 1093 967 1158 vis,
991 1093 1115 1160 iuvenis,
1216 1085 1221 1092 ’

168 1175 291 1233 laudem
313 1175 472 1232 humanam
494 1174 603 1249 diligis,
707 1193 861 1232 recurrere
885 1175 923 1232 ad
947 1175 1116 1234 dominum?

169 1262 291 1336 placere
314 1257 370 1317 deo
394 1278 453 1316 non
476 1262 569 1333 cupis,
706 1278 782 1336 roga
805 1262 868 1318 eius
892 1262 1089 1330 clementiam,

170 1345 223 1422 qui
246 1351 276 1402 te
299 1343 337 1402 de
360 1345 444 1402 coelo
469 1347 623 1420 conspicit.
708 1352 742 1402 ut
764 1343 855 1404 donet
876 1333 1104 1424 indulgentiam.¹

170 1467 323 1524 Honorem
345 1467 515 1522 transitorie
644 1465 684 1524 65
707 1465 824 1540 Rumpe
848 1467 946 1522 cordis
970 1466 1117 1534 duritiam,

103 1554 146 1612 30
169 1551 400 1626 praesumpsisti
423 1552 570 1625 accipere,
706 1551 804 1618 homo,
828 1556 911 1608 tuam
933 1553 1084 1620 malitiam,

171 1635 227 1694 sed
249 1638 342 1692 maior
363 1653 463 1712 poena
482 1637 627 1711 sequitur,
707 1637 816 1694 festina
838 1643 868 1694 te
892 1639 1052 1712 corrigere,

137 1795 143 1806 .
171 1723 219 1778 cui
242 1723 354 1778 maiora
376 1720 516 1778 creditur.
709 1727 869 1798 antequam
892 1727 1010 1796 tempus
1033 1728 1146 1796 pereat.

169 1842 205 1898 ln
228 1846 339 1920 terram
361 1857 481 1915 semper
502 1833 622 1916 aspicis,
707 1840 839 1914 Suscipit
862 1841 999 1897 Christus
1023 1843 1147 1909 veniam,

171 1943 291 2002 semper
313 1925 350 1982 de
374 1932 454 1982 terra
476 1928 603 2002 cogitas,
645 1925 686 1984 7⁰
708 1931 742 1982 ut
765 1925 856 1982 donet
878 1925 1094 2001 indulgentiam

104 2013 146 2073 35
172 2011 228 2070 sed
248 2013 297 2068 hic
320 2011 463 2088 relinquis
486 2013 593 2080 omnia,
708 2011 748 2067 ad
768 2011 849 2067 illam
870 2027 973 2068 veram
995 2013 1131 2080 animam,

171 2096 251 2154 unde
274 2097 422 2171 superbus
445 2097 600 2154 ambulas?
708 2099 760 2171 qui
776 2113 895 2153 carnem
911 2113 996 2152 suam
1011 2097 1150 2153 maculat.

171 2217 251 2274 Karo
274 2223 304 2273 te
327 2218 417 2274 traxit
438 2217 466 2274 in
489 2209 616 2285 foveam,
707 2215 860 2272 Terribilis
883 2215 1020 2272 Christus
1043 2217 1125 2272 venit

171 2301 250 2370 ride,
273 2319 311 2359 ne
333 2303 429 2358 malus
451 2304 601 2370 moriaris;
710 2299 748 2357 ad
770 2299 963 2358 iudicandum
983 2302 1128 2376 populum

171 2389 280 2445 festina
303 2393 333 2443 te
357 2389 517 2463 corrigere,
645 2385 685 2446 75
709 2387 826 2461 etipse
848 2385 948 2442 reddit
971 2387 1095 2461 singulis

106 2474 148 2533 to
173 2478 333 2548 antequam
355 2474 421 2530 finis
444 2475 553 2530 veniet.
709 2471 872 2530 secundum
896 2487 950 2528 sua
973 2489 1073 2545 opera.

172 2593 258 2668 Luge
266 2592 364 2661 modo,
373 2592 443 2650 dum
451 2598 569 2667 tempus
578 2597 634 2660 est,
709 2593 797 2650 Venit
819 2592 956 2649 Christus
979 2591 1018 2648 ad
1039 2591 1181 2648 iudicium

172 2696 209 2735 ne
233 2695 336 2754 gemas
358 2679 388 2735 in
410 2677 528 2746 iudicio,
709 2683 740 2734 et
762 2678 819 2733 erit
840 2678 925 2732 sortis
947 2675 1103 2744 districti0,

75 2751 78 2764 ¹
172 2764 222 2820 ubi
245 2782 304 2820 non
325 2763 406 2821 valet
427 2766 557 2839 gemitus
708 2762 758 2818 ubi
773 2779 832 2817 non
848 2761 970 2818 adiuvet
981 2766 1068 2834 pater
1077 2762 1179 2829 filium,

84 2869 86 2874 ·
172 2867 228 2906 nec
250 2849 312 2906 ulla
333 2851 518 2906 intercessio.
646 2848 688 2908 80
710 2865 765 2904 nec
787 2847 866 2904 filius
890 2845 1031 2903 desendet
1052 2851 1177 2922 patrem.

107 2971 149 3030 45
171 2967 265 3027 Modo
287 2969 391 3026 labora
412 2969 538 3036 fortiter,
708 2967 809 3024 Xristo
833 2967 957 3034 servias,
978 2967 1106 3036 iuvenis,

173 3053 244 3112 dum
266 3073 299 3111 cs
321 3055 351 3111 in
373 3055 431 3111 isto
455 3070 590 3128 corpore,
708 3052 747 3108 ad
770 3069 837 3108 eum
858 3069 1023 3120 recurrere,

173 3139 299 3198 emenda
321 3145 404 3196 tuum
425 3141 538 3208 vitium,
711 3144 744 3194 ut
766 3143 835 3194 ante
858 3140 922 3194 eius
945 3138 1046 3195 limina

171 3243 211 3283 ne
233 3242 337 3301 gemas
359 3226 389 3282 in
410 3230 598 3300 perpetuum.
709 3242 833 3282 securus
857 3225 898 3280 sis
922 3222 959 3280 de
981 3223 1110 3280 crimine.

170 3345 240 3402 Non
262 3349 293 3402 tc
315 3345 436 3420 frangat
458 3343 615 3418 cupiditas,
646 3344 686 3403 st
709 3342 785 3400 Ydei
808 3359 919 3418 quaere
943 3343 1079 3417 gratiam,

106 3431 148 3491 5⁰
170 3447 228 3488 nec
251 3435 282 3487 te
304 3429 407 3487 flectat
430 3429 587 3504 cupiditas,
709 3428 790 3486 delet
812 3429 930 3502 peccati
952 3427 1098 3483 maculam

171 3521 205 3574 ct
226 3515 287 3571 noli
311 3531 377 3571 cum
401 3514 521 3572 diabulo
710 3513 873 3582 humilitas,
898 3518 928 3568 et
951 3514 1060 3568 caritas

170 3602 354 3677 participare
377 3601 513 3675 amplius.
712 3599 794 3656 ducit
816 3597 855 3655 ad
877 3597 953 3654 coeli
974 3598 1112 3672 patriam.

173 3721 200 3778 0
224 3722 250 3778 si
274 3737 310 3777 ex
332 3718 423 3777 corde
444 3721 605 3795 intellegis,
712 3719 816 3776 Zelum
837 3717 931 3773 habet
953 3717 1097 3790 optimum

172 3823 253 3884 quae
267 3811 431 3880 praecepta
445 3805 523 3880 legis
540 3810 617 3874 sunt,
647 3803 688 3864 90
711 3805 762 3880 qui
775 3803 863 3861 deum
876 3805 957 3859 amat
969 3807 999 3859 et
1006 3804 1180 3876 proximum,

107 3893 148 3952 55
172 3889 230 3950 sed
252 3887 303 3958 illi,
327 3892 378 3968 qui
401 3890 580 3960 adulterant,
710 3889 871 3946 laetabitur
893 3891 923 3945 in
947 3887 1100 3945 sacculum

171 3975 323 4051 lapidibus
347 3975 531 4033 subiaceant.
710 3980 741 4032 et
762 3977 844 4033 vivet
865 3975 896 4032 in
917 3979 1105 4050 perpetuum.

194 4129 286 4188 Mons
312 4131 338 4188 1.
362 4147 391 4204 p.
414 4129 491 4190 396:
528 4129 580 4188 Hs.
604 4122 830 4186 zu'Darmstadt
858 4129 909 4186 No.
933 4127 1019 4186 2106
1045 4148 1098 4186 aus
1120 4128 1182 4184 dem

108 4218 245 4292 Ansaape
274 4217 325 4273 des
357 4215 385 4273 9.
407 4215 628 4273 Jatrtondera.
673 4215 733 4271 Dus
755 4215 828 4272 Liecl
856 4217 896 4270 ist
923 4216 970 4270 ein
991 4213 1183 4270 Akrosticbon

109 4303 183 4361 acob
205 4303 269 4359 dem
290 4291 440 4377 AIprbabet.
485 4301 561 4358 Eine
582 4301 634 4358 Hs.
658 4317 693 4357 zu
717 4301 797 4357 Wiea
818 4299 904 4372 tillut
924 4301 1014 4356 Derris
1036 4317 1074 4354 aa
1096 4298 1180 4353 catal.

109 4387 189 4446 codd.
213 4389 299 4447 theol.
322 4387 347 4446 Ι.
372 4385 399 4444 3.
423 4406 456 4462 p.
479 4385 565 4444 2932
593 4385 654 4444 und
681 4387 829 4444 veracdtet
857 4385 952 4442 dieses
980 4383 1059 4441 nied.
1104 4381 1183 4438 Nacb
1297 4461 1304 4465 .
