2822 5026
739 463 761 533 4

298 642 443 700 Addimus
473 643 583 718 hymno
612 645 711 708 locum
741 645 890 704 Ambrosii
919 647 948 702 in
977 647 1161 705 Hexaemero
1191 647 1283 715 (eires

214 745 325 800 cinnum
348 728 409 787 389
433 727 613 802 conscripto)
636 727 664 788 δ’.
689 731 743 789 24ς
781 731 839 788 Est
859 734 945 788 etiam
967 735 1039 806 palli
1060 742 1162 790 cantus
1184 737 1284 790 suauis

214 816 244 870 in
266 816 404 882 noctibus,
427 833 480 870 uec
501 816 591 871 solum
613 818 711 872 suanis
733 817 892 873 sedetiam
915 819 1005 885 utilis,
1029 821 1079 891 qni
1093 821 1178 891 ¹quasi
1193 819 1284 876 bonus

213 901 390 958 cohabitator
426 907 456 956 et
484 901 667 958 dormientem
704 905 816 958 excitat
850 911 880 958 et
907 904 1060 960 sollicitum
1094 904 1227 960 aduronet
1254 911 1286 960 et

213 989 336 1042 viantem
358 987 478 1053 solatur,
494 1004 663 1060 processum
686 990 778 1044 noctis
800 1005 907 1044 canora
929 1006 996 1045 uoce
1005 995 1182 1063 protestans.
1220 988 1285 1046 Hac

213 1072 431 1127 cunentelatra
453 1090 522 1127 suas
544 1073 684 1144 relinquit
705 1073 835 1141 insidias,
858 1073 911 1129 liae
933 1076 995 1149 ipse
1018 1075 1122 1145 lucifer
1137 1077 1285 1131 excitatus

214 1159 308 1212 oritur
336 1157 501 1230 caelumque
530 1158 685 1212 illuminat:
721 1158 775 1214 leae
803 1166 923 1215 canente
951 1162 1121 1217 moestitiam
1153 1159 1284 1234 trepidus

213 1248 302 1298 etanta
331 1241 448 1315 deponit
476 1244 622 1315 omnisque
658 1243 758 1299 crebra
794 1235 966 1318 uespertinis
996 1235 1117 1317 flatibus
1154 1247 1284 1310 excitata

214 1333 368 1400 tempestas
398 1333 428 1382 et
449 1328 581 1400 procella
610 1330 746 1384 mitescit:
783 1329 836 1385 ltoc
864 1337 984 1386 canerete
1014 1327 1132 1387 moetus
1160 1331 1284 1402 affectus

214 1413 306 1468 exibit
334 1411 373 1466 ael
394 1412 588 1486 precandum,
627 1413 742 1492 lependi
771 1433 882 1488 qaoque
911 1434 1013 1472 munus
1035 1417 1194 1472 instaurat:
1230 1415 1285 1471 ltoc

208 1503 356 1572 postremo
378 1505 498 1553 canente
520 1501 583 1572 ipse
605 1500 742 1555 ecclesiae
751 1507 840 1574 petra
860 1501 970 1576 culpram
985 1519 1066 1558 suam
1082 1500 1174 1567 diluit,
1199 1519 1283 1574 quam

142 1621 146 1631 «
208 1584 380 1656 priusquam
401 1584 497 1655 pallus
526 1591 659 1639 cantaret
680 1585 811 1658 nepando
840 1593 1037 1642 contraxerat.
1082 1585 1173 1642 Istius
1195 1593 1283 1642 cantu

212 1685 279 1741 spes
302 1668 429 1723 omnibus
451 1668 536 1735 redit,
559 1672 656 1742 aepris
679 1671 791 1726 leuatur
813 1671 1023 1738 incommodum,
1047 1673 1186 1727 minuitur
1201 1670 1284 1726 dalem

151 1749 153 1758 ’
213 1753 370 1820 uulnerum,
394 1755 552 1817 revertitur
571 1755 646 1826 fides
669 1756 772 1829 lapsis,
785 1756 880 1818 lesus
903 1757 1059 1813 titubantes
1081 1741 1212 1830 resp'icit,
1237 1774 1284 1810 er-

213 1844 313 1906 rantes
334 1840 463 1912 corripit.
508 1839 644 1911 Hymnus
675 1857 765 1913 supra
795 1843 924 1914 scriptus
954 1841 1003 1898 vel
1032 1858 1068 1896 ex
1097 1841 1283 1896 Hexaemero

214 1919 422 1996 depromptus,
461 1922 542 1998 quod
564 1923 665 1980 Bedee
691 1925 807 1998 placet,
845 1927 893 1982 vel
916 1926 1091 1982 Ambrosius
1114 1927 1143 1981 in
1166 1925 1284 1981 Hexse·

135 2069 139 2075 ,
213 2025 294 2064 mero
325 2025 444 2064 carmen
481 2027 567 2064 suum
595 2010 685 2066 latius
716 2013 871 2085 expressit.
915 2011 1074 2088 Utcunque
1104 2015 1164 2078 est,
1203 2011 1283 2066 omni

213 2091 335 2168 dignum
358 2099 405 2150 est
426 2093 643 2162 observatione,
668 2095 856 2152 Ambrosium
878 2097 908 2152 in
922 2095 1041 2170 hymnis
1064 2100 1095 2152 et
1113 2097 1142 2152 in
1158 2095 1282 2170 reliquis

214 2179 332 2252 seriptis
355 2177 461 2236 iisdem
483 2181 526 2243 uti
549 2179 672 2236 vocibus
696 2195 731 2236 sc
755 2181 919 2238 sententiis.
939 2231 951 2250 ,

439 2453 443 2462 .
499 2389 586 2457 Veni
606 2391 808 2476 redemptor
827 2392 990 2486 petilium.

441 2491 526 2544 Thes.
544 2491 564 2542 Ι.
583 2508 609 2558 p.
630 2492 669 2546 12.
688 2491 759 2544 Add.
778 2491 810 2544 In
829 2491 915 2544 natali
933 2491 1054 2545 Domini.

295 2602 394 2659 Prima
416 2603 518 2676 hymni
540 2605 649 2660 mentio
673 2604 760 2660 obvia
783 2610 830 2660 est
852 2605 881 2660 in
905 2599 1041 2661 sermone
1067 2606 1096 2661 S.
1121 2605 1284 2680 Augustini

156 2725 158 2730 ·
212 2687 274 2768 372
298 2689 322 2744 si
345 2687 465 2762 quidem
487 2707 546 2744 non
565 2690 595 2758 in
611 2691 774 2762 suppositis
791 2696 850 2746 est:
874 2691 959 2746 Hurtc
980 2693 1073 2747 nostri
1085 2692 1214 2764 pipantis
1230 2709 1284 2746 cx·

210 2791 325 2829 cursum
357 2775 522 2830 brevissime
552 2792 587 2830 aa
617 2769 813 2850 pulcherrime
849 2777 954 2831 cecinit
982 2776 1017 2830 B.
1050 2776 1217 2832 Ambrosius
1252 2779 1282 2832 in

210 2859 314 2931 ltpmna
344 2877 425 2931 quem
448 2861 539 2934 paula
566 2867 634 2915 ante
655 2863 803 2916 cantastis.
844 2860 984 2933 Sequitur
1012 2860 1212 2934 fragmentum
1240 2861 1284 2915 ale

209 2943 369 2998 locutionis
392 2943 613 3016 quamhabuit
635 2943 868 3001 Caelestinus
889 2943 1025 3001 Pontifex
1055 2943 1093 3000 ad
1121 2947 1283 3020 episcopos

210 3045 288 3084 enno
311 3027 374 3084 430
395 3027 517 3094 Romae,
549 3033 581 3083 ut
603 3029 734 3085 Nestorii
761 3029 900 3085 haeresin
918 3031 1126 3105 profligarent,
1155 3047 1284 3104 congre·

210 3117 299 3188 gatos
327 3111 406 3184 apud
428 3113 582 3168 Buluzium
604 3113 689 3169 Nove
717 3114 840 3170 Collect.
865 3114 976 3172 Concil.
1008 3133 1037 3188 p.
1062 3115 1137 3172 379:
1174 3117 1284 3172 Recor-

209 3199 263 3254 dor
290 3198 390 3253 beatae
415 3200 568 3254 memoriae
594 3200 772 3275 Ambrosium
798 3201 828 3255 in
854 3199 901 3256 elie
927 3201 1019 3256 natali
1045 3200 1163 3256 Barcini
1188 3203 1284 3256 nostri

209 3283 277 3340 Iesu
307 3283 414 3339 Christi
444 3301 553 3339 omnem
579 3285 717 3358 papulum
747 3285 855 3355 secisse
890 3303 948 3341 una
980 3301 1047 3341 acce
1074 3285 1135 3340 Dea
1161 3302 1284 3340 canere:

216 3369 286 3424 Veni
319 3367 482 3445 redemptor
515 3371 658 3442 peritiam,
695 3369 813 3424 ostende
841 3377 960 3443 partum
987 3371 1121 3442 stirpinis,
1159 3372 1284 3425 miretur

210 3471 291 3508 amite
312 3454 466 3519 saeculum,
492 3455 559 3520 talis
581 3454 664 3509 decet
687 3460 793 3528 parties
818 3455 908 3510 deum.
947 3454 1084 3527 Numquid
1097 3454 1190 3510 dixit:
1214 3455 1284 3510 talis

210 3538 292 3593 decet
307 3546 414 3610 partus
436 3538 593 3594 nominem?
629 3540 709 3612 Erpa
731 3557 835 3595 sensus
854 3540 963 3610 fratris
985 3540 1077 3594 nostri
1101 3538 1217 3609 Gyrilli,
1251 3540 1284 3594 in

209 3623 262 3678 liae
283 3621 361 3694 quod
381 3621 459 3679 dicit
478 3611 628 3682 ἱεοτὸκον
644 3623 784 3691 Mariam
799 3624 881 3680 aulae
904 3623 1070 3679 concordat:
1097 3623 1175 3679 Talis
1199 3622 1285 3679 decet
1363 3627 1370 3637 ‘

106 3704 113 3714 “
205 3714 311 3781 partas
333 3706 432 3762 Deum.
471 3707 564 3763 Porro
595 3724 713 3764 carmen
741 3712 952 3764 commemorat
973 3705 1128 3778 Faustus
1151 3706 1227 3782 Reg.
1252 3709 1283 3764 in

211 3791 338 3864 epistole
360 3789 399 3845 nd
415 3790 540 3848 Gratum
560 3791 642 3850 Diae.
667 3791 752 3858 (Bibl.
776 3791 833 3848 ΡΡ.
859 3789 954 3866 Lugd.
971 3791 1033 3848 VII.
1057 3809 1086 3865 p.
1111 3791 1182 3849 553.
1207 3790 1282 3868 sq.):

210 3875 268 3931 Nos
293 3893 390 3932 veram
420 3877 510 3934 Deum
543 3885 572 3934 et
603 3895 699 3934 nerum
730 3877 868 3933 ltominem
896 3877 975 3932 nulla
1001 3876 1082 3932 modo
1111 3877 1285 3951 cnrbipimus

98 4032 103 4036 ⁵
175 4035 179 4044 ι
209 3961 407 4031 confitendum.
445 3963 550 4036 Accipe
576 3964 661 4018 etiam
689 3963 718 4016 in
744 3962 847 4033 hymno
873 3962 967 4016 sancti
992 3961 1133 4017 antistitis
1162 3969 1193 4018 ct
1214 3971 1284 4019 c'an-

206 4045 331 4115 sessoris
352 4045 504 4114 Ambrosii,
528 4065 610 4119 quem
633 4047 777 4108 inmataii
798 4045 937 4100 dominico
959 4045 1099 4102 catholiea
1108 4063 1167 4119 per
1182 4065 1284 4104 amnes

208 4127 313 4184 Italiae
334 4137 364 4184 et
389 4129 499 4188 Galliae
521 4133 655 4205 repiones
671 4131 820 4204 persultat
840 4130 974 4184 eeclesia:
1018 4129 1146 4185 Procede
1163 4131 1203 4186 sle
1219 4132 1283 4188 tlic-

208 4214 282 4269 lcmo
305 4216 353 4269 tua
373 4218 505 4287 yeminae
524 4218 609 4289 pipcs
630 4215 809 4274 substantiae
824 4210 857 4275 *t
910 4212 1081 4287 Sequuntur
1107 4213 1167 4268 loci
1195 4215 1284 4272 Cas-

273 4338 298 4402 'i
316 4336 469 4392 coelestini
497 4355 530 4392 ac
547 4337 645 4390 Fausti
672 4335 820 4393 sententiis
837 4335 892 4388 rite
911 4351 963 4404 per
984 4325 1060 4389 ensis
1078 4351 1134 4390 nou
1152 4353 1223 4392 vero
1244 4343 1282 4394 si·

207 4401 281 4462 nilis
299 4410 417 4476 apparet
435 4406 538 4460 Merati
557 4405 711 4459 sententia:
749 4403 803 4466 „Et
820 4401 935 4470 quidem
978 4418 1058 4457 omae
1076 4419 1132 4478 nou
1152 4407 1187 4460 ab
1207 4409 1282 4464 anti-
