2788 5024
157 703 160 710 ¹
221 623 227 636 '
327 631 398 692 485.
432 617 542 703 [Geras
570 619 685 704 fidelis
706 619 927 687 iocundctur.
970 625 1016 682 De
1047 625 1076 686 S.
1098 625 1319 701 Dorothei.x

240 717 329 774 Mune
351 717 401 774 Ill.
430 735 458 790 p.
482 715 553 774 273.
597 715 665 784 (Hs.
694 732 732 772 zu
764 713 916 788 stuttgart
937 709 1007 768 Bra.
1034 710 1102 780 101,
1136 712 1181 769 15.
1202 710 1291 768 Jahrb

239 804 274 862 h
298 802 400 878 Gropp
424 801 731 876 Script.W1rceb.2,
754 796 890 866 90431]

244 926 269 980 1.
287 922 368 980 Gens
391 921 487 978 fidelis
509 919 697 989 iocundetur,
818 915 918 985 rubra,
941 917 1091 990 passionis
1112 922 1207 992 peste,

281 1010 312 1064 in
333 1009 390 1064 hae
413 1007 461 1064 die
484 1007 661 1082 gratuletur,
860 1004 961 1060 vincto
985 1001 1161 1078 diademate.

282 1084 466 1182 Dorotheam
487 1097 649 1148 veneretur
774 1120 803 1180 5.
818 1120 954 1178 palmam
990 1139 1079 1180 manu
1115 1123 1173 1178 sm
1207 1087 1293 1178 vicffi.

325 1177 405 1234 dulci
429 1177 527 1233 cordis
550 1175 678 1235 modulo.
1183 1223 1251 1274 cem,

239 1296 435 1355 ariolorum
457 1315 525 1353 nam
549 1298 680 1354 cultores
816 1290 907 1366 digne
930 1309 1061 1368 sequens
1084 1291 1253 1349 adiutricem

283 1382 402 1439 Christo
425 1381 524 1438 reddit
547 1388 578 1438 et
600 1398 717 1440 errores
816 1383 959 1446 nostram,
990 1379 1101 1435 Christi
1124 1379 1309 1454 genitricem,-

283 1470 389 1525 sternit
411 1467 590 1524 remittendo
612 1467 702 1524 flores
858 1464 997 1538 virginali
1019 1465 1181 1523 schemate.

324 1554 474 1610 eoelestess
496 1553 673 1628 Th⁰0lhfl⁰·
774 1581 802 1641 7.
819 1581 844 1639 Ο
868 1589 953 1640 casta
975 1587 1141 1660 generatio,

239 1673 267 1731 3.
283 1674 375 1747 Virgo
397 1673 529 1747 prudens
552 1673 688 1747 vigilavit
815 1685 983 1743 precamur,
1006 1677 1040 1727 ιιι
1063 1673 1160 1728 oratio

281 1764 311 1814 et
334 1775 400 1814 cum
424 1776 536 1832 sponso
559 1759 745 1826 subintravit,
816 1771 870 1828 per
892 1757 952 1810 te'
945 1775 975 1812 ιιι
996 1755 1188 1830 beneplacito

280 1861 349 1900 nam
372 1846 522 1918 sagaciter
544 1845 661 1902 ornavit
857 1841 897 1895 sit
919 1839 1030 1900 Christi
1049 1843 1148 1918 patris
1170 1856 1255 1907 more,

321 1928 491 2003 lampadem
514 1947 581 1984 ⁰⁸⁸¹
604 1929 680 1986 ⁰le0·
738 1995 741 2002 -
772 1957 800 2015 8.
817 1957 856 2016 Ut
879 1961 1081 2032 coelestinos
1104 1959 1245 2024 fecundet

236 2049 266 2106 4.
283 2049 385 2106 Semet
407 2050 503 2122 ipsam
526 2049 687 2122 abnegavit
814 2059 882 2100 rore
904 2045 987 2116 foris,
1009 2049 1089 2105 intus
1112 2046 1243 2112 mundet,

279 2135 430 2192 Christum
442 2151 582 2209 sequens,
596 2151 684 2210 quem
693 2148 773 2188 ama-
816 2133 913 2187 sancti
934 2133 1057 2206 spiritus
1079 2132 1206 2190 inundet

641 2221 694 2285 vit,
857 2217 949 2274 eorda
970 2223 1075 2274 nostra
1097 2217 1230 2275 dulcore.

279 2322 398 2362 crucem
420 2305 529 2362 tollens
553 2305 660 2362 stolam
682 2303 756 2360 lavit
771 2299 799 2358 9.
813 2297 940 2360 Praesta
961 2308 1049 2376 pater
1071 2307 1164 2379 atque
1186 2308 1260 2369 nate,

319 2393 349 2447 in
372 2393 511 2459 tormenti
534 2389 622 2448 dolio.
814 2388 917 2445 confer
939 2390 1063 2462 spiritus
1085 2389 1189 2458 beate,

238 2477 265 2534 5.
283 2477 332 2534 Sic
354 2479 482 2534 vestitur
505 2475 596 2550 dupla
618 2480 712 2540 veste,
813 2473 967 2530 amborum
988 2491 1081 2532 nexus
1106 2475 1241 2532 ordinate

280 2558 358 2630 alba,
382 2564 522 2620 castitate
545 2565 635 2630 teste,
857 2564 965 2621 cuncta
986 2577 1097 2636 regens
1119 2561 1249 2618 saecula.

319 2682 346 2740 5.
371 2681 406 2739 A.
428 2681 500 2737 hic.
538 2681 598 2738 Mo.
620 2681 724 2754 legere
760 2676 843 2732 malit
879 2678 968 2736 hinc
1030 2680 1063 2738 B.
1090 2681 1229 2737 iuncta
1257 2676 1292 2732 di.
1370 2621 1374 2693 i

232 2767 292 2825 Μο,
315 2769 449 2842 praefert
470 2769 616 2825 vincta.
660 2765 689 2824 6.
712 2761 746 2817 Β.
771 2765 984 2821 stemmate.
1022 2765 1050 2823 8.
1072 2765 1133 2823 ΑΒ.
1159 2762 1293 2840 sancii·
1372 2767 1373 2842 i

234 2869 315 2932 que.
338 2851 551 2911 9.Mo.besser
564 2852 635 2908 hoc
651 2855 686 2906 et
701 2842 736 2918 (l)
752 2864 910 2922 quorum
925 2853 1081 2908 nexis-
1095 2854 1199 2926 regit
1212 2864 1292 2907 saec.
1372 2853 1373 2916 i

208 2960 211 2966 ·
317 2938 358 2994 At
383 2955 455 2995 vero
486 2937 613 2994 addatur
637 2934 817 3010 sequentiae
844 2935 938 2992 codex
967 2940 1074 2995 tertius
1110 2935 1181 3004 (Hs.
1203 2953 1238 2994 ru
1258 2933 1292 2990 St
1370 2931 1373 2972 ⁴²

231 3023 307 3079 Paul
328 3025 358 3079 in
380 3023 535 3079 Kirnthcn
556 3023 611 3078 No.
637 3022 675 3079 13
700 3018 746 3076 15.
768 3017 830 3085 Jh.)
873 3021 1039 3097 Exscripsit
1059 3022 1181 3080 Monius
1203 3020 1293 3078 exilia
1370 2973 1373 3160 Ι

172 3183 175 3190 ⁴
232 3109 337 3164 charta
360 3125 479 3164 carmen
500 3110 530 3164 in
553 3107 581 3164 S.
604 3109 768 3165 Veronae
790 3105 935 3164 honorem
957 3108 1110 3166 conditum
1131 3110 1188 3167 No.
1213 3104 1291 3171 1199,

230 3213 260 3268 p.
289 3193 358 3251 550.
390 3191 443 3250 sed
469 3211 528 3250 non
555 3191 764 3250 animadvertit
796 3191 877 3268 quod
903 3195 1058 3251 oculorum
1088 3196 1186 3252 aciem
1217 3206 1292 3268 prae·
1372 3189 1373 3200 ¹

231 3281 358 3354 stringit.
340 3277 479 3336 tNihil
500 3286 569 3354 pert
557 3282 632 3337 tinet
654 3285 782 3352 sequent
783 3280 812 3335 ia
770 3277 873 3334 atd
896 3279 924 3338 S
937 3281 1093 3348 Veronam,
1116 3285 1183 3336 tota
1205 3277 1291 3335 estin

231 3364 258 3422 S.
282 3363 453 3422 Dorotheae
475 3365 624 3434 laudibus,
645 3365 733 3420 immo
757 3363 862 3420 eadem
893 3366 1041 3423 cantilena
1069 3371 1116 3422 est
1136 3372 1170 3422 at
1172 3382 1229 3442 que
1249 3362 1337 3418 illa

229 3465 307 3525 quae
334 3467 425 3525 supra
441 3451 560 3526 legitur.
582 3451 685 3526 Ipsum
701 3463 831 3507 carmen
835 3450 895 3507 lect
883 3455 980 3508 torum
995 3449 1102 3509 iudicio
1119 3451 1289 3508 subiicimus.
1371 3425 1372 3510 i

221 3675 257 3731 ·l.
273 3673 359 3730 Mens
382 3671 480 3730 fidelis
502 3673 681 3733 iocundetur
767 3677 795 3735 3.
812 3677 903 3751 Virgo
924 3675 1058 3750 prudens
1079 3677 1217 3750 vigilavit
1360 3653 1372 3802 1

267 3759 298 3814 in
321 3758 379 3814 hac
404 3757 461 3827 die,
486 3761 654 3834 gratuletur
808 3768 928 3819 etcum
951 3779 1061 3836 sponso
1085 3761 1268 3826 subintravit,
1371 3817 1372 3834 ξ

219 3897 223 3904 ,
312 3841 391 3898 dulci
415 3845 513 3901 cordis
536 3845 637 3902 iubilo.
806 3863 875 3904 nam
899 3849 1050 3922 sagaciter
1072 3849 1190 3905 ornavit
1247 3887 1258 3896 -
1363 3835 1372 3888 i

849 3932 1004 4007 lampades
1027 3949 1094 3989 cum
1116 3933 1193 3988 oleo.

157 4113 160 4120 Δ
223 4045 421 4106 21d010rum
443 4067 512 4106 nam
535 4050 667 4108 cultores
765 4053 792 4111 l.
812 4052 913 4110 Semet
935 4054 1030 4126 ipsam
1053 4053 1215 4127 abnegavit

265 4134 388 4191 Christo
411 4134 511 4192 reddit
533 4141 565 4192 et
587 4153 704 4193 errores
807 4138 959 4196 Christum
970 4156 1109 4214 sequens,
1117 4155 1206 4214 quem
1217 4149 1289 4191 ama·

262 4222 370 4278 sternit
392 4225 422 4277 et
446 4221 609 4278 emittendo
629 4223 718 4279 flores
1167 4224 1219 4290 vit,

287 4306 458 4384 ‘coelestes
481 4307 658 4382 Theophilo.
804 4327 923 4368 crucem
948 4311 1057 4368 tollens
1086 4309 1194 4368 stolam
1223 4303 1287 4362 lavit

841 4397 872 4456 in
893 4397 1035 4454 tormenti
1057 4394 1144 4453 dolio.
