2904 5028
150 623 189 691 ad
211 625 306 708 Alpes
328 648 523 708 propagasse.
570 631 718 688 Innumeri
741 621 898 689 exstabant
913 631 1019 689 Adurni
1041 636 1219 692 imitatores:

151 721 203 794 qui
226 721 255 775 in
278 712 517 775 COO'annorum
547 716 675 779 decursu
704 717 840 774 Missalia
869 717 1036 775 omnimoda
1065 707 1222 793 prosarum

150 805 301 878 farragine
323 801 493 877 implebant.
532 803 554 858 E
571 803 679 876 quibus
695 803 805 859 multae
820 819 879 858 non
903 804 1102 878 spernendum
1123 806 1223 860 locum

116 909 124 919 ·
151 889 207 946 sibi
229 887 393 945 vindicant:
418 905 473 944 nec
502 893 618 956 tamen,
649 887 743 944 tribus
773 892 938 962 quatuorve
968 891 1101 964 exceptis
1131 888 1167 955 (e.
1192 907 1220 964 g.

150 975 266 1030 Thema
288 973 326 1030 de
341 973 461 1041 Celano,
486 973 515 1029 S.
532 973 647 1030 Thema
662 972 835 1048 Aquincum,
857 972 967 1030 Iacobo
988 973 1025 1030 de
1040 973 1221 1040 Benedictis,
1238 1005 1244 1014 -

149 1059 279 1116 Henrico
302 1057 430 1124 Pistore)
454 1075 521 1114 cum
537 1057 652 1114 Adamo
675 1056 892 1130 comparandus
904 1060 1011 1114 iterum
1028 1061 1148 1115 exstitit.
1180 1059 1251 1116 Ex‘

150 1161 186 1201 eu
210 1148 345 1217 tempore
367 1141 564 1200 Notlrerianas
587 1159 694 1216 prosas
722 1143 919 1216 paucissimos
948 1145 1098 1214 invenisse
1127 1145 1223 1202 imita·

151 1235 236 1286 tores
258 1230 366 1284 nemini
389 1245 448 1284 non
470 1231 572 1284 notum
595 1234 650 1286 est.
1202 1237 1208 1248 '

236 1365 271 1422 ln
293 1371 354 1422 tam
376 1367 533 1422 immanem
554 1363 773 1439 multitudinem
799 1365 1025 1440 sequentiarum
1054 1367 1148 1424 crevit
1170 1384 1223 1422 nu-

149 1468 261 1518 merus,
285 1455 405 1524 tamque
428 1451 554 1507 inscitae
577 1454 607 1506 et
634 1448 845 1506 immodulatae
867 1449 1029 1524 pleraeque
1053 1457 1222 1518 evaserunt,
1287 1443 1292 1459 “

148 1541 183 1592 ut
205 1527 346 1610 Synodus
371 1535 556 1592 coloniensis
579 1533 625 1600 (A.
640 1535 675 1592 D.
703 1532 794 1600 1536)
816 1533 991 1591 minuendas
1005 1535 1224 1592 reformandas·

149 1638 209 1698 que
235 1619 286 1678 e'as
309 1619 434 1676 duxerit
478 1618 602 1678 Penitus
625 1621 703 1676 enim
724 1619 911 1678 intolerabile
938 1624 1017 1687 crat,
1041 1636 1147 1680 versus
1169 1621 1224 1678 hu-

148 1704 324 1771 incremati,
347 1721 424 1779 quos
446 1707 476 1762 in
497 1705 614 1762 Missali
636 1704 849 1777 Andegavensi
874 1706 990 1776 inveni,
1019 1705 1058 1762 ab
1086 1705 1223 1764 Ecclesia

149 1795 289 1850 cantatm
312 1807 397 1848 esse:
444 1789 569 1860 „clerus
596 1789 859 1863 Andegavensium
888 1789 1002 1846 Psallat
1031 1807 1099 1846 cum
1125 1795 1223 1848 turma

149 1879 274 1936 civium:
299 1874 388 1946 Quod
401 1874 539 1934 Mauricii
558 1873 713 1932 brachium
727 1873 820 1930 Nobis
836 1875 916 1930 misit
929 1873 1115 1948 Byzantium.
1147 1875 1223 1932 Con·

149 1961 417 2034 stantinopolitana
432 1959 545 2018 Civitas
568 1958 619 2016 diu
639 1959 765 2033 profana
782 1959 945 2016 Manserat.
983 1959 1024 2016 Et
1044 1959 1152 2018 duritia
1174 1977 1224 2016 uc-

149 2063 226 2104 sana
239 2047 388 2120 Dogmata
411 2061 497 2102 sacra
519 2045 653 2102 Romana
675 2044 845 2117 spreverat
881 2043 989 2100 Franci
1010 2045 1103 2102 sortes
1126 2045 1224 2102 acciu·

39 2133 50 2148 ‘
148 2135 262 2208 guntur
283 2131 405 2188 Venetis
429 2131 584 2198 associati,
612 2129 720 2186 Villam
745 2127 823 2184 hanc
850 2128 1081 2203 aggrediuntur:
1106 2128 1224 2187 Cadunt
1309 2169 1311 2176 Α

150 2217 261 2274 Graeci
282 2215 425 2290 superati.
464 2215 684 2289 'Archipraesul
706 2213 907 2288 Philippensis
931 2213 1048 2272 Genere
1063 2213 1225 2272 Rothoma·

34 2303 38 2316 '
150 2303 254 2378 gensis
276 2301 399 2358 Francis
415 2315 511 2374 ‘opem
524 2299 675 2374 praebuit:
700 2300 737 2356 Et
761 2298 903 2355 derebus
927 2301 1056 2356 civitatis
1075 2292 1126 2356 'Ob
1149 2315 1225 2356 mer·

28 2427 37 2443 ,
150 2387 258 2444 cedem
279 2385 436 2460 probitatis
462 2385 543 2458 Opes
567 2386 676 2442 multas
698 2377 832 2440 habuit.“
857 2388 914 2440 etc.
959 2384 1000 2440 At
1021 2386 1051 2440 in
1073 2384 1225 2440 Reforma-

149 2475 233 2530 tione
254 2471 387 2528 Missalis
414 2469 539 2526 Romani
568 2469 682 2526 iudices
710 2474 771 2525 tam
801 2469 919 2543 iniquos
951 2487 985 2526 se
1016 2485 1088 2544 erga
1118 2485 1225 2543 prosas

149 2557 401 2622 monstraverunt,
425 2559 459 2610 ut
481 2572 593 2623 omnes,
616 2555 700 2610 hisce
723 2555 865 2627 exceptis,
889 2554 977 2610 Veni
994 2553 1128 2610 Sancte
1151 2553 1226 2626 Spi-

149 2645 262 2708 ritus,
296 2641 475 2698 Victimae
497 2639 684 2706 Paschali,
719 2637 846 2696 Lauda
875 2637 958 2695 Sion
989 2639 1224 2704 salvatorem,
1297 2645 1298 2648 ’

124 2717 129 2725 ’
150 2729 238 2786 Dies
260 2727 349 2792 irae,
374 2723 551 2792 deleverint3
575 2723 660 2798 quod·
683 2726 809 2780 maxima
832 2741 898 2779 cum
921 2728 1023 2798 strage
1046 2723 1089 2779 rei
1111 2723 1227 2797 liturgi·
1313 2730 1315 2736 '

151 2827 206 2869 cae
230 2811 343 2867 sactum
366 2801 443 2875 ess'e,
467 2827 553 2866 nemo
577 2809 698 2882 estqui
721 2827 779 2864 non
808 2807 925 2866 uiderit.
971 2807 1044 2877 Quis
1068 2810 1145 2866 euim
1167 2825 1226 2864 non

151 2898 237 2954 dolet
258 2912 364 2968 prosas
388 2894 425 2962 ab
441 2894 578 2966 Ecclesia
599 2893 755 2950 damnatas
775 2893 877 2960 fuisse,
902 2907 979 2967 quae
1001 2909 1061 2950 non
1084 2895 1147 2949 sine
1168 2891 1226 2948 ier

73 3057 75 3060 Ι
151 2983 327 3040 santissimo
358 2979 457 3036 cordis
488 2979 586 3036 studio
616 2979 665 3036 vel
694 2979 755 3052 legi
776 2981 924 3052 possunt?
967 2979 1117 3052 Exemplis
1141 2982 1225 3034 sunt:

151 3069 213 3134 illa,
238 3082 315 3140 quae
338 3082 455 3121 omnem
484 3064 604 3121 laudem
632 3069 767 3137 superat,
792 3063 957 3137 Sequentia
982 3063 1173 3120 Alleluiatica
1196 3062 1225 3118 S.

150 3151 289 3210 Notlreri:
319 3150 443 3206 Sancti
471 3150 635 3224 Spiritus
661 3147 761 3205 adsit
788 3148 893 3205 nobis
926 3150 1061 3223 gratia3
1092 3147 1227 3205 eiusdem

35 3257 39 3262 ·
151 3236 301 3294 Psallat
332 3235 519 3302 Ecclesia;
561 3231 668 3290 Adami
701 3235 809 3306 Zyma
844 3238 951 3290 vetus
986 3236 1226 3308 expurgatum

152 3323 240 3379 Heri
261 3319 415 3376 mundus
440 3320 630 3386 exultavit;
665 3318 777 3389 Quam
810 3317 951 3375 dilecta
977 3318 1226 3383 tabernacula,

154 3413 185 3464 et
209 3409 367 3463 sexcentae
391 3403 508 3470 aliae.*)

180 3566 184 3570 -
240 3525 285 3582 De
308 3523 424 3585 duobus
455 3521 684 3599 Sequentiarum
711 3522 871 3597 generibus
893 3522 969 3580 haec
1001 3519 1227 3579 Clichtovaeus:

156 3609 272 3681 „Prosa
294 3610 503 3666 ecclesiastica
526 3605 689 3664 secundum
719 3607 882 3686 specialem
903 3607 1048 3665 rationem
1070 3605 1161 3664 modo
1181 3621 1230 3662 ex-

159 3756 362 3764 ..-..-,—,„.-..

224 3831 250 3904 *l
270 3837 434 3906 sequentiis
457 3851 473 3889 e
490 3835 617 3889 Romana
642 3833 763 3888 ecclesia
781 3834 905 3901 expulsis
928 3834 1069 3902 refugium
1088 3838 1116 3887 et
1129 3837 1230 3902 portus

155 3910 218 3960 erat
236 3905 357 3960 ccclesia
373 3903 545 3957 Lutberana.
581 3901 692 3956 Etenim
721 3917 777 3955 non
799 3903 891 3956 nullae
914 3901 1034 3970 publicis
1060 3901 1163 3956 ritibus
1181 3901 1230 3956 ad-

154 3975 261 4028 hibitae
280 3978 354 4036 sunt,
373 3973 529 4041 permultae
549 3971 734 4038 capitulorum
754 3969 964 4024 Sathedralium
986 3969 1086 4024 ciliciis
1110 3969 1230 4038 privatis

154 4041 354 4096 inservierunt.
398 4040 437 4093 Ut
455 4040 611 4106 exemplum
633 4039 760 4100 afferam,
781 4039 933 4106 capitulum
952 4038 1074 4120 insignis
1093 4037 1230 4092 ecclesiae
1280 4051 1287 4060 ·
1358 4109 1361 4116 ¹

155 4109 405 4164 Hulberstadensis
422 4114 538 4176 praeter
555 4109 641 4160 horas
654 4107 806 4160 canonicas
824 4105 951 4174 quotidie
965 4110 1109 4166 recrtataa
1129 4106 1229 4158 dicbus

157 4177 304 4232 dominicis
323 4195 356 4232 ac
373 4177 484 4230 festivis
507 4177 622 4228 missam
641 4174 796 4228 celebravit
814 4172 1013 4236 Lutlreranum
1032 4173 1175 4226 Romanae
1193 4173 1230 4225 ad

75 4245 82 4258 ”
156 4243 249 4298 Credo
262 4261 354 4314 usque
368 4245 453 4311 (incl.)
467 4244 674 4312 pedissequam.
700 4242 733 4295 In
751 4243 794 4296 his
808 4242 902 4294 missis
916 4246 944 4296 et
958 4241 1129 4309 sequentiae
1139 4241 1230 4295 lectae

159 4317 233 4366 sunt.
269 4313 357 4367 Liber
383 4312 504 4365 Ritualis
529 4310 781 4364 Halberstadensis
809 4311 906 4363 decem
936 4311 1022 4363 habet
1048 4308 1230 4376 Sequentias:

157 4379 218 4436 Eia
235 4381 437 4443 recolamus,
457 4379 653 4434 Exultemns
667 4378 845 4448 parisoto,
858 4377 965 4431 Natus
978 4382 1059 4432 ante
1075 4375 1229 4438 saccula,
