2788 5024
243 601 310 670 Hic,
333 601 506 675 complexus
527 603 668 672 brachiis,
780 605 842 665 Sed
850 606 941 680 Virgo
955 609 1120 680 praecipua

243 686 341 744 Modis
363 689 447 760 vagit
469 689 585 744 rariisz.
781 691 883 748 Pascit
905 693 971 765 ipsa
992 709 1115 766 pascua.

242 772 298 828 llic
322 771 454 828 extendit
475 772 608 843 brachia,

243 857 442 932 Amplexurus
465 860 570 918 omnia,
735 845 763 900 8.
775 842 908 900 Tandem
931 844 1050 901 adhoc
1073 847 1202 902 trahitur

820 929 929 986 Finalis
952 933 1110 998 sententia,

778 1011 866 1082 Quod
887 1033 974 1072 nemo
998 1019 1194 1092 consequitur

818 1100 913 1158 Unam
936 1103 1001 1158 sine
1023 1101 1091 1158 alia.

200 976 227 1034 5.
240 976 347 1034 Carum
361 983 456 1033 mater
477 983 580 1034 tenere

285 1062 375 1118 Novit
389 1063 438 1118 hic
461 1068 577 1119 tenere:

243 1147 359 1204 Caritas
383 1149 438 1204 sub
461 1149 554 1204 latere

284 1233 389 1290 Nescit
402 1233 451 1290 hic
473 1233 576 1290 latere.

241 1318 297 1376 Hic
320 1317 488 1374 adhaerens
510 1319 624 1392 pectori
732 1303 759 1360 9·
774 1301 830 1371 Qui
847 1321 966 1360 crucem
979 1306 1113 1378 elegerit,

283 1403 422 1459 Pascitur
444 1403 480 1459 ab
504 1403 610 1458 ub0r02
774 1389 837 1444 Nec
860 1391 902 1445 sic
924 1391 1053 1446 Matrem
1076 1388 1203 1448 deserit:

156 1510 173 1552 ⁸.
241 1489 296 1545 Hic
320 1489 425 1544 affixus
449 1488 546 1544 arbori
775 1473 849 1530 Cum
872 1474 910 1530 ad
932 1475 1059 1532 Crucem
1080 1480 1203 1544 venerit,

283 1571 387 1630 Pascit
408 1592 463 1630 nos
486 1591 520 1630 ex
543 1575 674 1632 vulnere.
774 1559 901 1616 Matrem
924 1561 964 1617 ibi
986 1563 1098 1634 poterit

200 1692 227 1753 6,
241 1694 319 1751 cmx
340 1694 489 1750 ministrat
510 1693 629 1768 pabula,
817 1645 952 1701 Stantem
964 1647 1110 1703 iuvenire:

163 1787 167 1794 '
282 1780 393 1836 Fructu
415 1797 469 1834 nos
492 1780 644 1846 reficiens:

239 1865 338 1924 Mater
359 1869 407 1920 est
429 1865 631 1938 praeambula.

281 1949 421 2008 Fructum
444 1949 528 2006 nobis
545 1951 686 2008 nutriens.

774 1729 837 1785 Nec
861 1731 911 1804 qui
934 1731 1062 1787 Matrem
1085 1731 1177 1806 eligit,

774 1813 900 1870 Crucem
921 1833 1045 1890 prorsus
1069 1816 1171 1892 abigit,

775 1900 806 1957 Si
826 1901 947 1956 modum
969 1903 1108 1976 intelligit

773 1983 831 2040 Per
854 2003 942 2059 quam
958 1987 1092 2044 Matrem
1114 1990 1245 2062 contigit

198 2069 226 2128 7.
236 2068 314 2127 Crux
336 2071 366 2124 in
388 2069 455 2124 loco
478 2085 610 2144 pascuae
816 2069 954 2127 Gladium
974 2075 1109 2130 transire.

239 2155 343 2212 Pascit
364 2172 419 2210 nos
442 2157 617 2228 praecipue:

282 2426 352 2486 605.
376 2416 488 2496 [Deua
511 2417 678 2494 Deorum,
701 2440 788 2488 cera
804 2426 1008 2489 sanctorum
1018 2419 1266 2506 consecrarem

191 2503 316 2589 ylerda.
359 2513 403 2569 De
428 2513 456 2571 S.
480 2513 708 2572 Corbiniano.
732 2514 820 2572 Thes.
842 2515 878 2576 II.
901 2536 931 2590 p.
951 2509 1029 2586 189.Ι
1172 2545 1177 2550 -
1385 2523 1393 2628 p

280 2785 350 2844 6⁰6.
375 2774 463 2854 [Hac
484 2777 521 2844 in
544 2779 599 2844 die
621 2778 822 2865 triumphali
839 2777 893 2846 De
908 2778 1081 2866 diunepho
1096 2779 1262 2865 spiritati.

196 2872 241 2928 De
264 2872 292 2930 S.
316 2871 511 2945 Gorgonio.
535 2873 623 2931 Thes.
646 2874 683 2932 II.
704 2893 733 2948 p.
746 2869 827 2946 215]

626 3055 822 3066 *nn-nnn*-

281 3176 351 3238 607.
389 3168 483 3250 [Titi
510 3165 652 3238 Christe
682 3173 896 3258 redemptori
917 3169 1054 3238 Nostro
1076 3178 1160 3236 nero
1182 3171 1264 3237 eal·

195 3255 318 3323 valeri.
365 3264 409 3336 De
433 3265 460 3322 S.
484 3265 640 3322 Nicolao
663 3267 914 3324 Tolentinate.
944 3266 1033 3322 Thes.
1057 3265 1093 3323 ll.
1123 3284 1150 3338 p.
1175 3261 1260 3331 zoa]

278 3539 349 3599 608.
373 3525 491 3608 [Saloe
505 3527 633 3614 tynum
647 3531 796 3597 canetae
811 3532 939 3598 crucia.
961 3539 996 3596 ln
1007 3539 1202 3596 Exultatio
1216 3555 1262 3596 ne

194 3626 222 3684 S.
246 3625 384 3684 Crucis.
407 3625 528 3680 Neale
552 3617 752 3700 Seq.,p.181¹
772 3643 788 3681 e
811 3626 925 3708 Missali
947 3624 1118 3686 Redonensi
1144 3622 1246 3692 lora}

194 3765 220 3821 l.
231 3762 319 3820 Salve
333 3763 448 3836 lignum
456 3760 584 3817 Sanctae
601 3761 713 3829 Crucis,
724 3763 752 3821 2.
765 3761 875 3818 Summi
900 3761 1072 3818 Sacerdotis
1095 3777 1156 3828 ara,

235 3847 323 3904 Salve
346 3848 463 3920 signum
496 3849 602 3902 summi
624 3847 725 3915 Ducis,
769 3845 851 3903 Patri
874 3847 1007 3921 placens,
1030 3847 1109 3903 Nato
1133 3863 1211 3914 cara,

233 3932 290 4003 Qui
312 3931 416 3988 fideles
439 3931 601 3987 introducis
764 3929 823 3988 Per
845 3949 935 4007 quam
957 3935 1016 3990 tuis
1038 3933 1072 4002 fit
1094 3949 1197 3988 amara

276 4017 324 4074 Ad
347 4017 510 4073 coelestem
532 4017 679 4074 Patriam:
808 4018 910 4074 Fallax
931 4020 994 4075 vita
1016 4018 1144 4075 saeculi:

233 4104 336 4162 Dulcis
358 4103 457 4158 Arbor
479 4107 510 4158 et
532 4105 642 4171 suavis,
766 4103 920 4160 Alteratur
941 4104 1030 4160 homo
1052 4119 1131 4170 reus,
1385 4169 1387 4190 1

233 4191 303 4248 Veri
325 4189 442 4246 Nautae
464 4203 536 4246 vera
558 4189 659 4256 Navis,
768 4187 843 4244 Tum
866 4188 992 4246 Gentilis
1016 4205 1105 4264 quam
1116 4186 1261 4256 Iudaeus,
1384 4191 1387 4216 ²¹

233 4276 325 4334 Cuius
348 4279 396 4332 est
417 4275 534 4348 firmata
556 4273 658 4341 clavis,
766 4274 842 4329 Dum
865 4274 988 4330 offertur
1009 4275 1105 4332 Homo
1128 4273 1211 4330 Deus

274 4361 336 4422 Nos
359 4360 487 4420 transfer
510 4359 549 4416 ad
571 4360 704 4434 gloriam.
808 4357 866 4416 Pro
889 4360 1023 4432 peccatis
1045 4357 1157 4432 populi.
