2788 5024
71 644 98 704 3.
114 643 243 719 Insignis
252 643 395 716 martyris
406 595 532 716 insignis
541 643 605 717 glo·
616 641 643 700 6.
658 641 740 698 Tulit
748 640 785 698 ab
797 641 888 714 impia
900 646 990 716 gente
1003 640 1141 710 ludibria,
1178 676 1187 690 ι

478 728 524 784 ria
650 727 748 783 Minas
764 731 795 786 et
811 727 888 794 odia,
901 745 1024 800 poenas,
1041 728 1143 795 exitia3

111 815 214 872 Dulcis
238 818 285 870 est
307 811 407 888 gaudii
430 811 526 869 dulcis
546 829 608 868 ma·
694 810 754 870 Sed
776 817 876 868 mente
900 813 1000 869 stabili

478 899 568 964 teris;
648 897 1150 962 Miraoonstantiadevioitomuino
1225 913 1228 920 ·

112 985 220 1042 Insiste
250 985 389 1052 canticis,
422 988 517 1040 mater
546 983 601 1039 Eo·
645 984 725 1064 Felix¹
747 983 846 1040 felicia
861 985 994 1058 migrans
1010 980 1049 1082 ati
1065 1000 1137 1056 gnu-

115 1069 602 1230 Coelestiiubilotangeoseliessliia.
690 1155 765 1212 Cum
787 1154 888 1228 palma
909 1155 1009 1213 nobili.
1017 1068 1067 1124 dm

607 1257 636 1314 7.
653 1257 732 1312 Ante
756 1255 834 1314 diem
856 1257 1005 1330 passionis

73 1345 102 1404 4.
118 1344 200 1404 Inter
223 1359 311 1401 ourss
334 1342 491 1398 absolutus
552 1381 555 1390 .
650 1341 701 1402 Ad
723 1343 863 1400 instantis
885 1343 949 1401 vim·
967 1343 1074 1418 agonis

114 1430 178 1490 Rex
200 1427 313 1486 Olavos
335 1429 515 1486 constitutus
651 1429 808 1486 Animatus
828 1429 951 1486 visionis

157 1517 192 1572 In
213 1515 299 1588 regni
321 1513 453 1587 fastigio,
691 1515 818 1586 Divinae
841 1514 958 1580 solatio,

116 1601 293 1674 suspirabat
314 1600 345 1654 in
367 1603 499 1665 aeterna,
654 1597 741 1668 Quod
765 1598 884 1655 amabat
906 1599 1131 1672 praegustavit3

115 1685 297 1744 Pervoiabat
318 1686 348 1740 in
372 1701 510 1758 superna,
650 1684 884 1758 Praegustatum
899 1681 975 1756 'plus
999 1685 1129 1756 optavit:

158 1771 269 1828 Mentis
293 1767 451 1825 desiderio.
653 1769 728 1826 Plus
753 1773 889 1843 optatum
911 1766 1073 1824 vindicavit

694 1855 807 1911 Illustri
829 1853 984 1926 Martyrio.

76 1957 104 2016 5.
121 1955 232 2013 Christi
255 1961 369 2015 tractus
392 1959 421 2014 in
440 1924 546 2024 odore,
615 1957 642 2014 8.
658 1957 722 2012 Rex
745 1962 775 2013 et
796 1957 912 2032 Martyr
934 1955 1133 2030 triumphalis,

119 2041 229 2102 Christi
249 2043 397 2118 languens
418 2044 447 2099 in
470 2059 579 2108 amore,
654 2042 748 2098 Tutor
770 2047 873 2098 noster
896 2041 1045 2114 specialis,

45 2190 53 2198 ,
117 2127 202 2185 Vires
226 2145 345 2184 sumens
369 2145 404 2184 ex
427 2129 582 2201 languore,
654 2127 719 2184 Tua
741 2128 842 2202 proles
867 2127 1009 2200 spiritalis

119 2211 224 2280 corde,
247 2216 335 2280 votis,
359 2214 456 2280 foetis,
481 2229 541 2280 oro,
655 2213 701 2270 Sit
723 2211 760 2270 ab
782 2213 872 2269 huius
896 2209 997 2268 mundi
1020 2212 1115 2278 malis,

161 2297 258 2368 Quem
279 2297 399 2356 amabat
420 2299 520 2356 coluit
698 2299 741 2355 To
764 2303 875 2364 tuente,
899 2297 1007 2354 libero:

117 2383 173 2440 Hio
196 2401 251 2441 neo
274 2386 361 2441 minis
383 2401 440 2442 neo
463 2386 569 2440 timore
658 2383 747 2452 Quos
763 2385 886 2440 infestat
908 2385 954 2440 vis
978 2383 1116 2450 earnalis,

118 2469 225 2526 Mortis
246 2471 370 2537 fractus,
393 2485 450 2525 neo
473 2469 584 2533 labore,
658 2469 836 2543 Corrupteia
859 2469 1019 2542 generalis.
1092 2493 1096 2500 ·

118 2553 268 2610 Idolorum
291 2554 327 2610 ab
351 2571 451 2612 errore
655 2555 754 2610 Pestis
777 2557 885 2628 potens
909 2559 940 2610 et
961 2554 1069 2618 letalis,

118 2639 216 2695 Multo
239 2639 360 2712 quidem
382 2657 450 2695 enm
473 2638 581 2695 sudore
653 2639 717 2695 Nos
741 2641 795 2696 sub
815 2641 878 2696 tuis
901 2644 983 2715 tutos
1006 2639 1062 2696 aiis

160 2723 286 2782 Gentem
309 2742 393 2782 suam
415 2725 500 2784 eruit.
648 2775 656 2787 ,
684 2725 760 2784 'sua
775 2727 871 2788 salvet
888 2725 1018 2786 dextera.
1042 2725 1148 2782 Amen.

162 3065 233 3126 561.
279 3056 483 3145 [Postquam
511 3059 605 3124 culta
634 3057 836 3146 Babylonis.
888 3069 931 3126 De
961 3069 990 3125 s.
1015 3069 1147 3126 olavo.
1190 3113 1195 3122 .

76 3151 110 3206 111
132 3151 226 3209 Feriis
249 3151 371 3220 Quantis
393 3153 442 3209 vel
464 3156 493 3208 in
516 3155 614 3210 missis
636 3155 756 3237 votivis
791 3154 912 3212 Neale
936 3155 1005 3231 Seq.
1028 3174 1055 3229 p.
1078 3156 1146 3214 142.

78 3235 234 3293 sMissali
256 3237 441 3295 Nidrosiensi
468 3235 566 3306 1519]
610 3235 613 3242 ’

81 3390 108 3446 1.
122 3385 288 3463 Postquam
312 3390 387 3446 calix
408 3391 571 3462 Babylonis
616 3393 643 3450 3.
659 3393 722 3448 Rex
746 3392 850 3459 Olave‚
874 3395 925 3467 qui
948 3394 1065 3466 regium
1113 3453 1115 3456 ,

120 3472 276 3534 illudentis
299 3475 339 3532 fel
362 3473 499 3533 draconis
657 3478 772 3534 Nomen
794 3477 908 3536 hebens
931 3480 1088 3552 egregium

164 3559 307 3616 Ebullivit
329 3561 461 3634 ponitus,
701 3563 873 3629 Unctionis;

122 3645 191 3704 Otia
212 3646 300 3702 fervit
323 3645 471 3719 aquilonis
660 3647 751 3704 Cuius
774 3663 882 3704 nomen
905 3651 952 3704 est
975 3647 1084 3716 oleum,

121 3729 196 3788 Olso
220 3729 386 3790 devotionis
658 3732 792 3790 Effusum
814 3749 869 3806 per
890 3731 1029 3790 aculeum

163 3815 222 3872 Per
245 3816 373 3880 Olavum
397 3817 530 3873 coelitus.
702 3817 873 3884 Passionis3
987 3840 991 3850 ¹

78 3970 107 4028 2.
124 3968 194 4026 Fert
216 3971 312 4027 olivae
335 3971 439 4026 florem
461 3973 534 4028 avis.
612 3971 642 4026 lt.
658 3970 721 4027 Rex
744 3970 838 4030 Olave
860 3990 916 4028 nos
940 3971 1055 4040 exaudi,

120 4053 294 4128 Requiesoit
316 4056 381 4112 Nos
402 4058 486 4112 navis
659 4057 846 4114 Assistsntes
868 4063 937 4114 tuae
960 4057 1040 4116 laudi

164 4137 315 4196 Montibus
338 4141 510 4198 Armenias:
703 4143 790 4198 Omni
813 4147 918 4218 quarta
940 4144 1030 4200 feria:

123 4223 197 4280 Cum
220 4224 315 4282 Olavo
336 4227 390 4283 flat
412 4229 513 4284 suavis
657 4226 734 4296 Quia
755 4229 799 4284 tui
821 4235 893 4284 tuno
916 4230 1023 4301 agonis

123 4308 247 4382 Spirans
269 4310 397 4380 nardus,
420 4314 497 4370 eoeli
520 4313 614 4372 slavis
657 4313 696 4369 ua
717 4313 815 4370 felicis
838 4313 987 4387 passionis

153 4394 316 4476 Applicat.
330 4396 506 4473 Norvegiae.
703 4389 820 4458 Colitur·
840 4400 997 4458 memoria·
