2772 5024
102 595 141 652 die
161 597 232 671 relig
246 563 476 665 Verstorbenen.
499 597 547 655 die
571 617 636 656 auin
651 601 781 658 1111311131
797 602 1028 661 auriiolrlrehren.
1064 593 1151 672 'aad

100 699 233 756 nosque.
276 682 381 741 26.Β.
412 683 479 740 1133
505 683 582 742 tibi.
626 685 660 742 In
687 686 886 744 librisMonii
913 690 1042 772 semel
1035 709 1065 746 ιιι
1091 693 1149 748 fine

83 769 227 840 *repetitur
252 767 388 826 Alleluia.
483 763 493 786 ⁸

170 853 196 910 3.
218 852 272 908 M.:
297 855 720 931 1133Α11313133338311333,
745 857 797 914 dus
812 857 898 914 133133
917 857 1149 936 ilnterbreclmaq

98 935 146 1036 la,
166 940 216 994 313
229 937 282 996 das
296 941 420 997 Alleluia
443 939 495 996 der
509 939 663 998 Meneclem
678 944 738 1016 aas
746 943 854 1011 arden,
877 943 971 1002 datar
985 945 1037 1000 der
1052 947 1150 1003 Rund-

91 1039 157 1077 remr
172 1043 310 1097 perenne.

171 1198 322 1267 Verbum
341 1203 459 1288 patrie
479 1205 574 1290 quod
591 1206 725 1289 prodiit
741 1202 877 1290 [333333
896 1225 990 1274 caro.
1013 1207 1064 1272 M.

122 1297 150 1350 In
166 1298 311 1355 Dominiea
330 1307 431 1370 quarta
449 1303 699 1374 Quadragesimae.
724 1303 811 1358 Liber
828 1307 949 1358 Arevuli.
986 1307 1113 1386 Nealius:

307 1371 402 1422 m·ira
420 1372 542 1438 quadam
564 1375 705 1442 gravitate
723 1373 899 1440 conspicuus

116 1557 120 1567 .
230 1483 363 1540 Verbum
384 1483 465 1543 Ρ33
429 1489 493 1554 3,113
517 1485 599 1560 quod
619 1487 731 1561 prodiit
752 1487 864 1544 iactum
887 1503 966 1556 earo,

178 1628 187 1639 .
230 1569 337 1643 Agnus
360 1569 415 1626 Dei
437 1576 564 1644 peccata
586 1571 687 1628 mundi
708 1573 855 1640 auferens,

206 1711 211 1716 A
229 1653 278 1710 Ad
304 1659 334 1710 33
356 1657 491 1712 venimus
515 1659 625 1725 cernui,
648 1663 682 1714 ut
703 1657 847 1730 inclytum

229 1739 372 1804 Bibamus
395 1741 500 1798 Almae
522 1741 675 1799 Passionis
699 1741 887 1818 Sanguinem.

189 1858 207 1914 5
232 1858 369 1918 Ostende
392 1861 547 1919 vulnerum
570 1879 759 1918 sacrorums
761 1863 900 1936 tigmata:

229 1944 382 2020 Exsurget
403 1948 528 2022 insignis
552 1947 655 2004 Crucis
677 1948 910 2002 fortissimum

231 2030 366 2104 Signum,
389 2031 501 2116 quod'
493 2050 523 2087 ιιι
545 2033 648 2108 vigore
670 2033 818 2106 perpetim
840 2047 962 2088 manens

230 2114 434 2174 Salvationem
458 2097 591 2174 cduferat
608 2113 736 2173 credent
738 2115 812 2173 ibus.

229 2235 366 2304 Arundo,
390 2237 476 2306 elavi,
501 2243 599 2312 sputa,
622 2242 713 2310 potus
736 2237 943 2311 myrrheus.

172 2319 208 2376 10
231 2319 351 2386 Corona
374 2325 534 2397 spinarum,
556 2323 686 2397 flagella,
709 2323 824 2391 lancea,

229 2405 382 2480 impressa
405 2413 475 2464 sunt
498 2406 693 2464 damnationis
716 2409 854 2465 verbera:

230 2490 296 2547 Iam
317 2498 421 2549 nostra
442 2511 497 2568 pro
520 2493 567 2550 his
590 2500 697 2550 cuncta
666 2491 787 2550 tdele
811 2495 964 2550 crimina'

149 2649 151 2653 -
230 2609 311 2668 Fons
334 2613 465 2670 vulneris
489 2614 567 2670 33311
588 2614 668 2688 riget
689 2611 875 2686 praecordia,

229 2697 328 2753 Lavet
348 2715 437 2754 cruor
459 2697 588 2754 malitiae
612 2699 764 2772 33333313,

175 2780 210 2837 15
234 2782 350 2839 Sict
308 2784 369 2840 vita
385 2764 547 2856 praesens
560 2783 675 2858 absque
698 2785 776 2839 omni
800 2783 930 2850 crimine,

228 2855 291 2924 sut
278 2871 345 2924 tura
368 2867 507 2924 daturin
528 2868 618 2924 beato
640 2885 771 2924 munere.
851 2919 856 2952 ·.

231 2987 272 3044 Ut
295 3004 362 3044 cum
384 2986 561 3062 resurgendi
584 2986 647 3043 dies
672 2987 824 3054 effulserit,

233 3073 366 3148 Orbique
388 3072 485 3148 Regni
508 3073 628 3130 claritas
651 3073 787 3140 illuxerit,

231 3159 317 3214 Viam
340 3173 502 3234 sequamur
525 3157 664 3226 aetheris,
689 3175 766 3234 quae
789 3175 843 3213 nos
867 3157 975 3229 trahat,

171 3242 210 3301 20
232 3243 266 3298 In
290 3261 322 3302 se
342 3249 485 3318 receptos
507 3245 566 3299 iarn
586 3260 734 3318 perennes
756 3243 878 3300 incolae.

232 3363 335 3427 Honor
359 3366 398 3420 313
420 3363 530 3420 Eterno
553 3363 632 3430 Deo;
655 3365 693 3419 313
717 3363 819 3419 Gloria

233 3448 290 3504 Uni
311 3448 403 3516 Patri,
428 3451 552 3523 eiusque
577 3449 632 3504 soli
653 3447 727 3504 Filio

235 3534 308 3590 Cum
331 3534 456 3608 Spiritu:
478 3551 559 3609 quae
582 3534 712 3590 Trinitas
734 3533 905 3606 perenniter

233 3619 313 3677 Vivit
334 3623 443 3694 potens
465 3621 495 3676 in
518 3619 704 3676 saeculorum
727 3618 856 3674 saecula.

515 3769 715 3776 ...---.-—...-

84 3935 87 3942 ,
196 3863 343 3934 Vocarlr
366 3869 415 3934 ad
435 3868 541 3934 vitam
563 3887 707 3934 sacram
729 3863 798 3931 Dei
816 3883 940 3950 penae.
983 3863 1036 3929 M.

219 3965 252 4020 ln
265 3969 389 4022 Sabbato
401 3967 603 4021 Hebdomadas
616 3969 731 4035 quintae
742 3967 772 4018 in
782 3964 1014 4032 Quadragesima.

235 4083 357 4139 Vocaris
380 4080 419 4137 ad
441 4082 541 4149 vitam,
566 4097 683 4137 sacrum
704 4081 760 4150 Dei
782 4096 892 4155 genus:

237 4167 361 4224 Creator
382 4166 555 4236 adsciscens
578 4171 658 4222 amat
681 4183 758 4242 quae
782 4163 925 4222 condidit:

236 4251 419 4326 Redemptor
441 4253 566 4310 attrahit
586 4251 718 4327 benigno
741 4251 869 4326 Spiritu:

237 4339 358 4406 Venite.
376 4337 459 4394 dicit:
483 4343 585 4398 vester
607 4356 683 4395 unus
707 4355 773 4394 sum
793 4337 884 4394 Deus.

144 4431 261 4492 uenies,
275 4438 343 4482 rues.
357 4437 434 4495 nyma.
449 4438 483 4484 1v.
590 4436 596 4446 ·
934 4418 954 4478 5'
