2724 5026
333 593 378 658 ‘fn
417 591 612 656 Sacramenta
632 591 708 662 fiunt
725 599 899 672 'paenitet

339 745 342 750 ,
413 683 625 758 Proponuntur
646 685 726 740 vitae
750 685 870 746 ciboria

350 803 377 861 7.
415 802 464 860 Ad
485 803 542 890 iras
565 802 644 877 Agni
667 804 813 861 coelestis*
830 807 951 879 nuptias

413 890 510 944 Vocat
532 905 603 944 suos
625 889 854 948 Paterfamilias.

352 1009 380 1066 8.
418 1007 514 1064 Adest
537 1007 623 1076 Abel,
647 1007 705 1064 fert
727 1007 940 1078 innocentiam

376 1156 379 1160 ,
414 1093 509 1150 Intrat
531 1093 605 1160 Noe,
630 1098 731 1166 portat
753 1095 905 1152 iustitiam.

166 1201 177 1205 ’
266 1221 270 1224 “
352 1212 380 1270 9.
418 1212 632 1282 Melchisedec,
655 1231 711 1286 pro
734 1213 902 1272 sacerdotio

415 1297 612 1365 Benedicens,
636 1297 723 1355 sedet
743 1299 773 1355 in
797 1299 904 1358 medio.

334 1416 381 1474 10,
419 1417 475 1472 Hic
498 1416 637 1474 Abrahae
660 1417 730 1474 fidei
752 1406 881 1487 veritai;

418 1503 493 1576 Spes
516 1503 612 1569 Isaac,
637 1507 667 1559 et
689 1503 779 1560 Iacob
803 1507 922 1562 caritas.

334 1623 381 1679 11.
420 1622 487 1678 Stat
508 1621 631 1695 Moyses
655 1629 779 1682 cornuta
800 1625 891 1693 facie;

417 1707 516 1766 Solem
538 1712 645 1764 tenens
668 1709 832 1784 triumphat
853 1710 951 1770 Iosue.

336 1825 381 1884 12.
418 1811 499 1882 Puer
521 1825 617 1882 David
639 1827 771 1886 trucidat
793 1829 925 1886 Goliam:
1018 1827 1022 1834 '

388 1944 391 1949 -
417 1911 481 1967 Rex
503 1909 689 1969 Psalmorum
711 1917 818 1989 pangit
838 1915 1007 1976 melodiam.

335 2031 381 2088 13.
418 2031 512 2088 Simul
526 2019 635 2088 ”estant
656 2033 718 2089 Lex
742 2037 772 2090 et
794 2033 966 2109 Prophetis,

419 2115 600 2172 Confirmata
621 2135 676 2190 per
697 2119 869 2194 Evangelia.

337 2233 382 2294 14.
418 2236 623 2296 Foedersntur
645 2239 734 2295 terris
757 2239 914 2296 coelestia:

419 2321 557 2396 Complct
578 2321 659 2378 Deus
683 2323 825 2380 omnibus
842 2326 949 2382 omnia.

266 2595 337 2652 448.
363 2582 487 2665 [Stena
511 2607 533 2652 a
556 2587 656 2671 tenue
678 2588 739 2674 qui
751 2588 906 2674 plurima
918 2586 1144 2672 perpetravit
1160 2585 1271 2674 faei-

181 2687 282 2735 nora.
327 2680 723 2739 niebusoominiess.
769 2681 858 2740 rues.
882 2667 919 2737 11.
942 2675 1055 2762 pus]
1120 2761 1128 2770 ·

615 2847 738 2854 ——-——
767 2848 818 2853 .-.-

268 2952 339 3020 449.
366 2941 506 3020 [omnes
523 2962 596 3010 una
613 2943 837 3011 celebremus.
876 2954 920 3010 De
944 2952 1006 3009 die
1028 2953 1220 3012 Dominio
1228 2950 1269 3028 a]

183 3037 395 3094 Clichtovaeus
417 3038 446 3092 in
468 3037 678 3096 Elucidatorio.
722 3039 814 3096 Neale
838 3041 921 3114 Seqt.
944 3057 973 3112 p.
996 3034 1078 3104 2511

247 3156 358 3212 Omnes
380 3173 439 3213 una
461 3158 656 3228 celebremus,
780 3159 815 3215 In
837 3175 898 3233 qua
920 3173 978 3232 pax
1000 3157 1167 3230 Apostolis,

246 3241 431 3298 Celebrando
454 3259 638 3312 timeremus,
780 3245 875 3301 Datur
897 3244 1007 3300 clausis
1029 3243 1128 3300 ianuis

289 3327 399 3384 Christi
421 3347 499 3384 nunc
522 3329 674 3390 solemnia.
720 3329 757 3388 15
823 3329 850 3384 Α
873 3328 973 3386 divino
996 3345 1125 3386 munere.

172 3417 191 3438 ⁰
213 3465 221 3488 „
246 3412 325 3470 Ecce
350 3413 413 3470 dies
436 3431 562 3488 magnus
585 3414 649 3482 Dei,
783 3415 900 3490 inqua
923 3415 1034 3488 Sancti·
1049 3414 1183 3488 Spiritus

202 3497 221 3554 5
245 3498 316 3556 Dies
341 3517 474 3555 summae
497 3501 620 3574 requiei,
786 3500 862 3556 Sunt
884 3500 992 3574 repleti
1015 3499 1114 3573 gratia

271 3585 361 3640 ·Dies
385 3589 432 3641 est
455 3586 619 3640 Dominica.
827 3585 974 3641 Doctores
996 3583 1162 3643 Ecclesiae.

245 3669 281 3726 In
305 3687 366 3744 qua
381 3669 509 3726 mundus
527 3673 655 3744 sumpsit
671 3685 720 3726 ex·
783 3670 819 3732 ln
843 3669 949 3726 eadem
972 3671 1118 3725 sumitur'

539 3755 665 3822 ordinm,
720 3755 761 3814 20
784 3754 870 3811 Tube
892 3746 1053 3830 Evangelii

245 3841 279 3896 In
303 3858 363 3914 qua
385 3841 446 3905 vita
469 3842 549 3914 cepit
571 3842 695 3909 initium,
741 3837 743 3839 ’
826 3838 1023 3896 Praedicendi
1045 3839 1168 3914 populo.
1283 3853 1287 3863 ’

288 3925 371 3982 Haeo
395 3932 442 3982 est
465 3925 544 3983 dies:
782 3924 837 3982 Est
859 3927 889 3982 in
911 3925 969 3982 hae
992 3925 1175 4000 prohibitum

185 4011 223 4069 10
246 4011 280 4068 ln
313 4029 373 4085 qua
407 4011 544 4068 Christus
578 4013 718 4068 contrivit
782 4009 828 4068 Ne
850 4011 904 4066 fiat
925 4011 1101 4084 pontificum

539 4097 661 4166 inferos,
848 4095 914 4152 Nisi
937 4097 1134 4162 consecratio,

244 4181 366 4239 Plasma
389 4199 475 4238 suum
503 4183 583 4239 vexit
606 4181 646 4238 ad
669 4181 760 4241 su·25
783 4181 865 4256 Ergo
890 4179 981 4238 debet
1003 4181 1149 4248 venerari,

381 4267 390 4277 ‘
542 4285 642 4341 penos,
722 4313 727 4318 .
780 4267 819 4324 Et
844 4265 953 4346 denote
977 4266 1131 4333 celebrari,

291 4353 377 4419 Haec
401 4358 448 4410 est
470 4353 547 4410 dies:
715 4377 719 4386 «
831 4353 905 4408 Dies
918 4352 1006 4414 ,haec
1029 4351 1244 4410 sanctissima.
