2904 5028
770 435 815 511 fl

258 619 354 692 prima
369 615 554 674 clausulam
576 632 730 690 semper
751 633 811 672 nou
833 615 927 672 semel
949 617 1111 682 omittatur,
1133 615 1238 675 ultima
1257 629 1323 675 vero
1407 647 1408 680 ι

259 703 393 759 clausula
414 720 473 758 non
496 701 589 758 semel
610 701 731 774 penitus
760 699 919 768 exciderit,
956 700 1028 757 mihi
1055 699 1239 774 persuadere
1267 717 1321 756 non

258 805 391 862 possum,
414 788 485 862 quin
507 787 537 842 in
559 786 702 841 honorem
725 785 777 840 SS.
796 784 949 842 Trinitatis
972 786 1078 842 tricolo
1101 789 1220 844 carmen
1243 801 1322 840 suurn

257 874 389 947 incipere
411 871 540 929 voluerit
560 875 652 944 poeta
673 871 703 926 in
724 869 804 926 hunc
827 867 959 926 modum:

291 1006 456 1064 Benedicta
477 1009 517 1064 sit
538 1007 650 1064 Sancta
668 1006 812 1064 Trinitas:
833 995 838 1083 Ι
858 1005 954 1062 deitas
977 1007 1093 1064 scilicet
1114 1007 1202 1062 unica
1221 995 1226 1081 Ι
1245 1023 1292 1062 co·

378 1093 512 1168 aequalis
535 1091 631 1165 gloria

291 1178 391 1244 Pater,
413 1177 514 1244 lilius,
538 1176 666 1250 Spiritus
680 1175 808 1232 Sanctus
828 1164 834 1252 Ι
852 1177 910 1232 tria
924 1181 994 1234 sunt
1008 1177 1134 1243 nomina,
1155 1163 1276 1249 omnia}

377 1259 483 1318 eadem
505 1260 672 1318 substantia

292 1349 374 1406 Deus
396 1347 522 1422 genitor,
544 1345 626 1402 Deus
649 1347 769 1421 genitus
789 1334 820 1420 Ι
812 1363 843 1402 ιιι
864 1349 1103 1428 utroquepacer
1123 1333 1277 1421 Spiritus}

378 1431 490 1488 deitate
513 1433 622 1488 socius.

345 1543 420 1624 Tum
442 1584 514 1624 vero
536 1567 675 1641 aliquem,
698 1566 869 1664 theologiae
891 1583 981 1640 quam
1003 1583 1133 1641 poeseos
1147 1568 1324 1654 peritiorem,

259 1672 298 1713 ne
314 1653 530 1730 Sabellianismi
546 1653 710 1708 incurreret
726 1653 927 1724 suspicionem
940 1657 1041 1726 poeta,
1063 1647 1251 1708 clausulam
1245 1668 1327 1726 quar·

182 1783 185 1790 ι
260 1747 332 1808 tam,
354 1737 453 1796 verbis
477 1753 511 1793 ex
534 1737 721 1793 confessione
737 1735 943 1792 Athanasiana
964 1753 1061 1810 paene
1081 1724 1258 1810 desumptis,
1281 1734 1327 1792 ad·

263 1823 388 1881 didisse.
420 1839 480 1898 quo
504 1822 593 1889 sacto,
616 1839 654 1877 ue
676 1838 799 1878 mancus
823 1827 955 1877 exstaret
977 1821 1159 1895 syllabarum
1180 1838 1326 1888 numerus,

259 1923 297 1968 το
320 1925 459 1981 semper
481 1907 540 1962 alia
562 1909 700 1962 manain
723 1908 806 1963 initio
829 1905 963 1964 additum
984 1908 1085 1963 fuisse.
1129 1907 1191 1962 Sed
1207 1913 1241 1964 tu
1255 1906 1326 1973 vide,

259 1995 311 2054 Vir
334 1994 522 2058 Doctissime,
546 2009 584 2047 an
606 1991 658 2048 tibi
679 1991 756 2048 haec
779 1993 951 2048 coniectura
973 1994 1047 2048 satis
1069 1992 1199 2065 placeat

344 2112 419 2168 Mihi
441 2117 542 2167 autem
564 2110 695 2178 videtur,
725 2128 784 2166 non
806 2111 894 2166 aliam
916 2111 1015 2184 legem
1044 2109 1081 2166 de
1109 2087 1327 2167 intercisiouum

260 2213 383 2256 numero
406 2202 437 2252 et
459 2197 533 2252 locis
557 2197 649 2254 statui
670 2213 779 2268 posse,
810 2211 899 2270 quam
922 2197 1031 2263 hasce,
1059 2211 1134 2270 quas
1157 2195 1327 2254 brevissime

260 2299 441 2358 percurram.
485 2282 538 2337 Vix
561 2282 654 2347 enim,
678 2281 725 2336 vel
748 2297 785 2336 ue
808 2282 855 2336 ιιι
878 2279 998 2354 quidem
1019 2281 1078 2336 hac
1102 2279 1195 2338 dere
1220 2277 1327 2355 aliquid

262 2369 336 2426 certi
359 2385 376 2424 e
398 2368 476 2422 notis
499 2365 619 2422 musicis
643 2364 769 2440 adipisci
790 2383 964 2438 possumus:
996 2365 1120 2422 ducibus
1144 2382 1228 2434 sane,
1251 2362 1327 2442 quod

261 2471 367 2511 versus
395 2452 517 2518 attinet,
556 2451 682 2508 eximiis:
721 2449 802 2526 quod
823 2451 1048 2518 intercisiones,
1085 2451 1252 2508 inutilibus.
1294 2449 1328 2505 Et
1375 2503 1378 2510 ,

261 2540 356 2613 primo
379 2535 499 2612 quidem
521 2552 626 2610 parum
647 2537 783 2602 interest,
806 2540 905 2592 utrum
925 2537 1085 2610 pauciores
1101 2553 1138 2592 an
1153 2536 1258 2610 plures
1281 2550 1327 2592 eas

261 2625 414 2689 iaciamus,
439 2616 597 2677 dummodo
613 2625 705 2693 recte,
727 2619 778 2676 uhi
793 2619 959 2688 dividimus,
983 2620 1164 2688 dividamus;
1194 2638 1222 2678 e.
1237 2640 1266 2695 g.
1282 2620 1328 2694 qui

260 2710 304 2765 ita
325 2708 428 2782 legere
450 2706 523 2772 vult,
547 2722 594 2761 me
618 2709 699 2761 certe
715 2703 873 2760 admodum
888 2712 1106 2781 repugnantem
1121 2724 1180 2762 non
1194 2705 1326 2762 habebit:

325 2826 425 2882 Illuxit
447 2822 512 2880 dies
862 2823 960 2880 Primo
982 2825 1105 2892 Mariae,

368 2926 458 2986 quam
480 2909 551 2966 iecit
572 2908 725 2980 Dominus,
904 2908 1012 2966 dehinc
1034 2909 1180 2984 apostolis

368 3000 494 3054 mortem
516 2993 688 3062 devastans,
904 2992 1014 3051 docent
1036 2996 1200 3068 scripturas

369 3085 400 3136 et
421 3079 518 3136 victor
541 3079 602 3134 suis
904 3096 955 3136 cor
977 3081 1115 3154 aperiens
1208 3134 1213 3143 ,

368 3179 517 3238 apparens
670 3211 676 3226 .
903 3169 937 3220 ut
959 3163 1062 3220 clausa
1109 3161 1112 3164 ’

369 3247 562 3306 dilectoribus
584 3249 678 3306 vivus.
903 3247 970 3304 de'
963 3267 1029 3324 ipso
1048 3253 1232 3334 reserarent.

210 3399 220 3410 ·
262 3366 458 3444 Quamquam,
482 3372 516 3424 ut
530 3367 601 3423 mihi
617 3365 744 3434 videtur,
768 3367 992 3424 convenientius
1008 3369 1050 3424 ita
1065 3365 1200 3424 distribui
1216 3368 1327 3442 potest:
1404 3373 1406 3504 Ι

413 3487 513 3544 Illuxit
535 3485 599 3542 dies
622 3503 713 3560 quam
734 3485 806 3542 fecit
827 3486 979 3553 Dominus,

464 3576 590 3628 mortem
613 3569 774 3629 devastans

466 3661 497 3713 et
518 3657 621 3741 victor·
637 3657 699 3712 suis
722 3672 872 3730 apparens
895 3654 1087 3714 dilectoribus
1109 3656 1204 3714 virus.

416 3772 516 3830 Primo
537 3775 660 3843 Mariae,
684 3774 790 3831 dehinc
813 3775 968 3849 apostolis,

465 3857 576 3916 docens
600 3861 773 3934 scripturas,

465 3949 498 4002 ut
521 3945 624 4001 clausa
646 3943 684 4002 de
705 3947 772 4018 ipso
794 3949 974 4002 reserarent.

347 4061 446 4120 Prima
468 4063 569 4138 itaque
594 4063 632 4119 sit
653 4061 775 4138 regulam
791 4063 1007 4132 intercisiones,
1032 4079 1085 4120 seu
1107 4079 1167 4120 una
1189 4064 1251 4121 sive
1266 4060 1328 4138 plu·

261 4165 311 4205 res
335 4149 402 4216 sint,
426 4165 532 4206 sensus
557 4147 710 4222 emphasin
734 4150 819 4223 sequi
843 4147 994 4205 deberent.
1026 4149 1058 4204 E.
1081 4167 1125 4224 g.:

303 4265 362 4337 Qui
375 4267 451 4324 coeli
464 4268 515 4342 qui
528 4273 625 4324 terrae
634 4267 713 4342 regit
721 4273 842 4342 sceptra
884 4269 990 4326 inserui
1012 4269 1076 4324 iure
1100 4265 1210 4326 domito

304 4350 362 4425 Qui
385 4369 453 4410 sese
474 4370 529 4428 pro
552 4352 638 4410 nobis
660 4350 841 4410 redimendis
884 4369 1080 4430 permagnum
1096 4351 1179 4422 dedit
1194 4352 1336 4448 pretium¹
