2788 5024
648 407 716 484 m

229 592 259 650 4.
283 589 311 652 5.
334 591 443 652 Neale:
482 590 649 660 Allnditnr,
688 595 718 648 et
740 593 840 652 fortan
871 593 959 652 nimis
989 591 1146 660 audacter,
1187 593 1229 652 ad

145 675 237 736 Exod.
261 678 317 740 xvi.
341 677 390 738 20.
425 676 519 734 Simili
541 676 629 740 modo
653 677 788 750 Hymnus
812 679 959 752 sequioris
983 679 1066 736 aeri:
1096 679 1229 737 Festina

146 762 240 836 Regis
262 778 404 836 purpura,
429 761 733 832 Quamrndismanns
756 764 849 830 fluxit,
873 762 1227 822 Calonisestlaeernula:

146 847 212 904 Non
234 849 318 910 cocci
339 849 450 906 vermis
473 849 565 908 tinnit.
589 846 647 918 Qui
670 847 757 915 dixit,
780 848 845 923 llgo
867 849 983 908 vermis
1006 865 1086 916 snm,
1110 848 1229 908 Cruore

148 935 236 992 tinxit
258 935 422 992 oocoinum.

233 1051 274 1109 Μ.
298 1052 410 1110 nobis
433 1057 569 1136 tratum.
593 1025 694 1108 Codex
715 1051 824 1108 Mouii:
849 1053 972 1111 salvat
993 1053 1054 1110 Mo.
1079 1053 1214 1124 solvit.

235 1272 306 1333 555.
333 1262 445 1342 [Folia
466 1264 622 1330 muudus
645 1265 802 1332 excocti
824 1265 960 1331 homine.
998 1275 1043 1332 De
1066 1273 1094 1334 S.
1111 1275 1230 1348 Anna.

149 1359 316 1417 ExMissali
325 1360 530 1433 Strengnensi.
544 1358 773 1434 Ecclesiologist
780 1359 910 1416 XCVIII.
921 1359 987 1418 Oct.
999 1361 1088 1420 1853.
1102 1379 1131 1435 p.
1146 1357 1230 1432 355]

380 1479 405 1538 1.
434 1478 516 1535 Felix
538 1477 665 1535 mundus
690 1495 725 1535 ex
748 1479 824 1535 coeli
845 1478 955 1536 lumine

438 1563 516 1622 Mira
537 1582 678 1640 prorsum
698 1565 728 1622 in
748 1563 909 1625 altitudine

508 1651 553 1708 De
577 1647 732 1706 stellarum
755 1648 858 1704 ordine

509 1734 641 1810 Fulgene
663 1733 895 1811 pulchritudine.

378 1856 406 1916 2.
439 1855 537 1930 Magis
561 1854 629 1916 felix
651 1853 756 1909 Annae
778 1854 931 1927 progenie,

438 1941 483 1998 De
506 1957 566 2016 qna
588 1944 674 1996 natae
697 1943 759 1995 tres
784 1939 912 1996 Sanctae
934 1939 1026 1996 Filiae

510 2025 597 2084 Clara
620 2026 747 2098 gignunt
763 2022 871 2094 sidera,

488 2145 491 2150 ·
510 2112 661 2185 Astraq'ue
685 2109 836 2167 stellifero.
925 2144 929 2152 -

380 2232 407 2292 3.
437 2231 535 2289 Primo
557 2231 638 2304 parit
659 2229 785 2286 Mariam
810 2229 953 2286 coelicam

441 2317 525 2386 Quae
547 2316 715 2390 praecessit
736 2317 827 2372 vitam
849 2315 1025 2389 angelicam,

462 2413 465 2420 ‘
510 2399 635 2456 Florens
658 2417 729 2456 arca
744 2401 869 2474 gratiae,

511 2485 668 2559 Templum
689 2485 783 2559 Regis
806 2485 928 2558 gloriae.

380 2611 408 2666 4.
441 2609 523 2664 Haec
546 2623 636 2680 quam
658 2605 739 2662 Deus
763 2605 894 2662 servavit
915 2605 1076 2679 Virginem,

439 2695 549 2751 Verum
571 2691 666 2747 Deum
688 2691 767 2764 parit
789 2695 820 2746 et
842 2691 1007 2759 Hominem,

513 2777 642 2836 Ocelum
660 2776 833 2849 sapientiae,

514 2863 675 2937 Solemque
697 2861 837 2918 iustitiae.

381 2985 410 3042 5.
444 2983 499 3040 Hic
522 2979 693 3056 praedulcis
716 2981 747 3036 in
770 2997 824 3036 suo
848 2983 992 3056 sanguiue
1112 2973 1115 2978 ’

440 3069 503 3124 Nos
527 3067 668 3141 expulsos
690 3065 763 3122 lavit
785 3083 803 3121 a
826 3066 959 3136 crimine;

511 3151 668 3226 Adoptatus
690 3151 721 3206 in
742 3150 828 3214 filios,

511 3239 549 3296 Et
570 3237 667 3312 Regni
690 3237 855 3292 consocios.

380 3360 409 3419 e.
440 3360 556 3415 Iustum
578 3357 658 3431 parit
678 3353 819 3415 Iacobum
843 3355 946 3426 altera,

438 3444 562 3518 loseph,
585 3439 699 3510 ludam,
724 3441 884 3515 Symonem
907 3443 1002 3498 scola:

513 3530 600 3585 Viros
623 3527 816 3601 apostolicos,

515 3615 632 3671 Virtute
654 3613 839 3687 magnificos.

381 3735 409 3796 7.
439 3735 515 3792 Hinc
537 3733 632 3790 Maria
653 3735 796 3789 maiorem
818 3730 960 3787 Iacobum
1048 3727 1055 3734 '

443 3821 579 3898 Sequens
601 3821 690 3894 parit,
713 3819 914 3892 Ioannemqne
935 3816 1076 3892 probum:

516 3904 573 3975 Qui
589 3903 700 3962 Christi
721 3905 876 3960 mirificum

513 3991 641 4064 Scripsit
662 3990 866 4065 Evangelium.

384 4095 413 4154 8.
447 4093 533 4150 Anna
554 4094 610 4152 Dei
632 4097 677 4149 tot
699 4091 851 4154 beneficiis

445 4179 628 4256 Coniugatas
650 4179 748 4250 praeit
770 4183 801 4234 et
822 4179 939 4252 gratiis;

510 4263 568 4320 Tot
593 4261 688 4320 stellis
710 4264 851 4319 novitiam

421 4407 426 4414 ,
510 4349 626 4408 Dltavit
648 4347 823 4405 Ecclesiam.
