2822 5026
667 431 823 505 a

244 617 307 674 sais
337 615 441 682 latias,
472 615 662 676 itabreaiter
690 616 721 672 in
749 616 854 690 hymno
882 633 935 674 sno
964 616 1050 674 dicit:
1097 618 1138 673 Ta
1165 617 1306 676 Trinitatis

245 702 352 768 nnitas,
376 699 470 756 orbem
488 707 626 775 potenter
649 703 698 773 qai
720 704 809 775 repis,
833 703 950 771 etitem
973 704 1003 758 in
1026 703 1100 758 aiio:
1130 700 1218 759 Oiax
1232 703 1307 760 beata

250 787 376 842 Trinitas
399 793 429 840 et
443 787 618 860 principalis
640 789 746 854 onitas,
770 785 939 860 1111461.
964 787 1054 855 (inam
1080 789 1229 845 Trinitatis
1249 788 1307 845 snb·

245 873 380 928 stantiam
403 869 530 927 ostendit
549 871 716 928 Ambrosias
746 875 775 927 in
802 872 906 946 hymno
935 871 1074 928 catholieo
1100 874 1140 929 Tn
1167 873 1308 930 Trinitatis

245 957 351 1014 onitas
369 955 547 1028 Qnamqne
575 957 665 1012 aetati
695 974 844 1032 exponens
872 959 1052 1032 Aapastinas
1089 959 1197 1014 dieit'
1186 975 1215 1012 rn
1243 957 1307 1016 libro

218 1045 338 1118 primo
368 1040 403 1096 aie
428 1041 732 1098 Trinitate:1ieitas
761 1062 835 1116 qnae
861 1045 1012 1100 Trinitatis
1041 1052 1087 1100 est
1114 1045 1180 1100 anit
1178 1061 1219 1109 ns,
1236 1043 1308 1100 aar

247 1131 332 1184 etiam
354 1125 510 1182 concordat
530 1127 630 1183 beatas
644 1127 845 1188 Ambrosias
834 1147 863 1184 m
887 1130 944 1184 aiio
963 1128 1067 1201 hymno
1082 1129 1196 1186 dicens:
1220 1126 1241 1185 0
1262 1129 1308 1186 toa

247 1214 330 1270 beata
356 1213 484 1268 Trinitas
514 1220 545 1268 et
559 1214 734 1287 principalis
763 1216 867 1272 onitas.
913 1231 942 1286 p.
966 1213 1036 1272 516.
1065 1214 1106 1270 Et
1131 1215 1231 1270 beatas
1251 1215 1309 1270 An«

249 1299 361 1354 brasias
383 1305 512 1354 sanctam
538 1299 706 1354 Trinitatem
736 1301 822 1356 anias
843 1299 970 1356 Deitatis
998 1317 1056 1356 non
1084 1299 1238 1356 secandam
1262 1297 1309 1355 Ger

250 1383 385 1440 tbescalai
401 1385 625 1456 perversitatem
648 1383 702 1440 sed
722 1384 876 1444 secandam
897 1384 967 1456 fidei
989 1385 1147 1442 catholicae
1170 1386 1309 1442 aniversa-

248 1471 302 1526 iem
324 1467 522 1527 eredulitatem
544 1475 632 1541 atone
654 1471 863 1540 consessionem
878 1488 963 1526 anam
980 1471 1069 1526 iaoem
1084 1471 1224 1528 catholice
1236 1467 1310 1524 aresii

248 1561 278 1610 et
299 1554 356 1610 diei
378 1553 556 1610 demonstrat
583 1557 613 1610 in
642 1555 746 1626 bynrno
776 1557 978 1630 vespertinali,
1008 1573 1091 1628 qnam
1116 1553 1310 1612 Gorbesooioas

248 1640 284 1696 ab
305 1641 378 1714 ipsis
400 1638 572 1696 redimentis
601 1641 746 1711 infantiae
776 1643 806 1696 in
829 1641 1027 1698 monachornm
1056 1643 1258 1698 monasterinm
1284 1641 1310 1694 in

168 1725 175 1738 ‘
249 1743 304 1797 qao
326 1723 479 1780 secandam
501 1726 631 1800 repalarn
654 1726 765 1782 oblatas
788 1734 817 1781 et
840 1733 938 1784 tonsas
968 1728 1084 1783 exstitit
1111 1735 1141 1782 et
1163 1743 1252 1800 asqae
1278 1723 1311 1780 ad

248 1818 371 1892 aetatem
394 1809 520 1866 adultam
542 1812 662 1878 mansit,
686 1829 747 1867 anm
771 1813 917 1868 monacbis
940 1811 1023 1868 labiis
1045 1815 1159 1879 cecinit,
1183 1811 1235 1869 sed
1253 1826 1310 1866 sen·

248 1892 310 1952 sam
334 1897 396 1952 eias
412 1899 568 1970 percipere
597 1897 683 1952 eorde
713 1915 768 1952 non
792 1899 906 1970 potnit,
938 1899 1070 1969 qnoniam
1100 1899 1130 1954 in
1161 1897 1310 1952 malivolam

248 1983 370 2038 animam
392 1999 449 2036 non
472 1983 603 2037 introivit
630 1984 775 2056 sapientia
805 2000 856 2037 neo
884 1983 1025 2039 habitarit
1052 1984 1082 2038 in
1105 1999 1225 2056 corpore
1253 1979 1310 2036 sab

249 2067 308 2124 dito
325 2068 463 2141 peccatis.
512 2067 597 2122 Cniras
619 2067 717 2138 bymni
739 2069 851 2124 initiam
874 2076 941 2122 est:·
963 2065 985 2123 O
1007 2069 1060 2123 lna
1083 2069 1168 2122 beata
1194 2067 1311 2122 Trinitas

186 2210 188 2215 ,
249 2160 280 2209 et
295 2155 431 2227 principa
433 2153 470 2208 tir
493 2154 543 2207 nni
546 2159 606 2217 tas,
637 2155 692 2208 iam
714 2154 760 2208 soi
786 2153 934 2209 reaedit'
924 2171 1042 2225 ipneas,
1073 2153 1196 2224 infande
1226 2150 1310 2207 lamen

250 2238 390 2294 cordibae.

318 2311 385 2368 Cod.
409 2311 711 2365 1111111.111.1111
734 2312 768 2364 X.
791 2327 847 2364 non
870 2312 1014 2379 discrepat
1037 2330 1054 2365 a
1077 2313 1235 2366 Thesauro.
1269 2307 1310 2362 Ga.

252 2381 296 2434 Os.
314 2380 344 2432 P.
364 2383 386 2434 6.
406 2395 561 2446 v.espere

334 2459 469 2526 Meuius,
501 2461 585 2516 cuius
615 2457 755 2515 iudicium
786 2459 822 2516 de
847 2462 982 2516 carminis
1010 2465 1080 2516 auct
1082 2479 1132 2517 ore
1157 2467 1188 2516 at
1190 2477 1247 2536 que
1268 2473 1311 2513 ae·

250 2551 312 2602 tate
337 2548 462 2634 exspect
448 2543 593 2612 t,abamus
616 2544 759 2618 hymnum
781 2563 840 2600 non
863 2563 949 2600 suum
971 2546 1051 2614 fecit,
1030 2547 1177 2602 tnescio
1201 2561 1258 2620 qua
1279 2539 1311 2595 dc

251 2649 350 2688 causa
394 2630 471 2686 Nam
507 2631 537 2686 in
568 2629 720 2686 codicibus
758 2631 897 2705 frequent
899 2649 930 2687 er
967 2633 1104 2712 occurrit
1148 2631 1214 2706 Ego
1249 2643 1311 2686 vera

250 2735 317 2774 eum
346 2715 489 2772 Maurinis
520 2716 557 2772 ab
580 2717 737 2772 Ambrosio
769 2721 920 2772 cantatum
949 2722 1039 2789 put,0
1070 2719 1167 2772 minus
1196 2733 1269 2790 prop
1271 2718 1312 2769 ter

250 2803 400 2862 Hincmari
430 2803 645 2869 testimonium,
685 2819 773 2876 quam
803 2807 924 2878 respect
925 2819 975 2861 um
1008 2801 1122 2858 habens
1154 2801 1194 2857 ad
1222 2801 1312 2856 locum

250 2883 398 2945 Ambrosii
421 2887 514 2960 Epist.
538 2889 587 2945 21.
610 2907 638 2961 p.
661 2887 731 2945 873.
755 2887 800 2944 ed.
822 2887 860 2945 B:
905 2884 1081 2960 Hymnornni
1112 2907 1225 2961 qnoque
1247 2901 1312 2962 meo·

207 2971 212 2975 ⁴
250 2994 314 3032 ram
336 2974 509 3030 carminibus
532 2973 678 3047 deceptam
696 2975 834 3048 popaiam
854 2975 964 3044 serant.
1010 2974 1102 3028 Pione
1124 2992 1177 3029 nea
1199 2973 1251 3029 ltoc
1271 2969 1313 3024 ab·

252 3079 317 3116 nno.
367 3058 480 3114 Grartde
510 3075 623 3114 carmen
654 3066 712 3124 est,
737 3077 801 3130 -qao
831 3059 905 3114 nibil
927 3061 1085 3132 potentins.
1141 3058 1219 3126 Qnid
1247 3055 1311 3111 eninr

245 3147 395 3221 potentins
440 3137 523 3216 aiom
561 3144 704 3214 consessio
744 3145 907 3214 Trinitatis,
953 3162 1026 3216 arrae
1063 3145 1190 3216 qnotidie
1233 3141 1313 3201 totins

246 3232 349 3306 papati
371 3247 421 3285 ore
443 3229 625 3284 celebratur?
672 3229 805 3286 Certatim
835 3247 931 3283 omnes
960 3230 1079 3284 student
1105 3230 1191 3300 fidem
1217 3224 1311 3300 fateri,

251 3317 368 3372 Patrem
392 3322 421 3369 et
441 3315 544 3370 Filiam
568 3322 597 3370 et
620 3314 757 3388 Spiritnrn
789 3313 926 3370 Sanctam
953 3322 1060 3370 norant
1086 3317 1216 3372 versibus
1232 3326 1313 3386 prae·
1383 3385 1384 3390 ἵ

157 3388 168 3404 ‘
251 3403 356 3457 dicare.
402 3398 537 3476 Apparet
560 3398 748 3454 Ambrosium
779 3400 923 3454 cecinisse
953 3401 1098 3466 carmina,
1131 3398 1239 3473 quibus
1262 3395 1313 3450 sin·

251 3487 348 3561 gulari
371 3487 493 3560 negotio
517 3483 554 3540 (11
569 3485 597 3540 S.
614 3485 758 3540 Trinitate
781 3484 935 3558 agebatur,
960 3501 995 3540 ea
1011 3481 1124 3558 opinor,
1149 3501 1227 3559 quae
1242 3483 1313 3536 teste

251 3573 419 3646 Augustino
444 3571 525 3626 Conf.
548 3570 598 3626 It.
622 3571 649 3627 7.
673 3587 690 3625 1
712 3570 823 3642 populo
841 3587 907 3625 cum
930 3571 1073 3643 episcopo
1097 3588 1150 3641 suo
1174 3571 1204 3626 in
1227 3565 1315 3624 eccle

253 3661 297 3716 sia
320 3656 484 3714 excubante
516 3655 704 3720 canebantur.
751 3654 834 3723 Quae
864 3655 974 3728 optime
1005 3655 1152 3730 quadrant
1181 3657 1211 3710 in
1236 3653 1314 3724 hym·

252 3761 334 3800 num:
381 3741 492 3798 Olux
513 3739 644 3798 beata:
692 3746 795 3796 contra
819 3759 853 3797 ex
876 3740 940 3796 aliis
965 3740 1112 3798 Ambrosii
1143 3736 1314 3798 carminibus

252 3829 366 3886 nullum
389 3817 444 3893 est,
469 3825 550 3901 quod
574 3825 612 3882 ad
635 3831 769 3882 sanctam
792 3826 966 3884 Trinitatem
991 3826 1135 3906 directum
1158 3827 1205 3904 sit.
1269 3891 1272 3902 ὅ

336 3915 448 3970 Versus
471 3913 676 3968 Monarabicos
702 3913 818 3984 spurios
839 3915 913 3984 puto
897 3910 948 3976 or)

219 4019 220 4024 ,
256 3995 456 4021 ...ψῃ-...Δ

322 4040 485 4104 *·)P10rsus
504 4042 665 4091 monshesa
683 4043 759 4099 sunt,
781 4053 852 4104 quae
870 4038 958 4090 refert
978 4036 1099 4104 scriptor
1118 4049 1272 4104 anonymus
1289 4029 1315 4082 in

253 4107 480 4176 ephemeridibus
507 4105 579 4160 Mor
601 4107 710 4160 enblatt
737 4109 810 4159 1811
830 4105 875 4161 51(
917 4097 997 4167 „Das
1021 4103 1112 4158 uralte
1140 4105 1225 4158 Lied:
1260 4099 1314 4152 Iam

253 4177 296 4230 sol
323 4175 456 4230 recedit
449 4191 549 4242 igneus
572 4124 684 4240 (Parma
710 4179 813 4229 novata
835 4145 943 4242 hymni:
973 4174 997 4227 O
1020 4174 1067 4226 lux
1089 4175 1184 4238 beata)
1209 4167 1316 4222 stammt

252 4243 492 4306 wahrscheinlieh,
512 4243 634 4310 wenigst
636 4259 685 4294 ens
703 4243 732 4294 in
751 4243 801 4295 der
820 4246 916 4294 ersten
935 4242 966 4294 st
955 4243 1054 4322 traphe
1073 4241 1130 4294 und
1147 4239 1256 4306 wenigs
1258 4241 1315 4288 tens

254 4313 397 4366 mittelbar
423 4327 474 4364 aus
504 4311 555 4366 der
581 4309 655 4372 Zeit,
688 4327 731 4364 wo
759 4311 810 4362 das
835 4311 1006 4378 Tagesgest'
999 4327 1043 4368 rrn
1069 4311 1142 4408 noch
1170 4306 1315 4376 gbttlicher

251 4381 355 4438 Ehret
344 4379 503 4460 theilhaitig
520 4386 606 4432 urar.u

686 4483 884 4504 W
938 4483 939 4487 ¹
