2788 5024
205 611 275 674 687.
324 599 480 684 [somme
517 599 607 668 tone
644 605 679 668 et
706 603 841 670 cauom.
889 610 935 668 De
972 611 1000 668 S.
1029 609 1187 672 Severo.
1218 621 1221 623 ·

119 701 209 757 Moue
236 698 289 758 III.
312 716 341 773 p.
366 695 436 755 501.
474 697 536 764 (Hs.
560 715 618 755 von
642 697 683 754 St.
706 695 796 752 Peter
818 714 854 752 ru
876 695 1040 753 Karisruhe
1063 698 1116 756 No.
1144 699 1189 758 16.

117 785 241 842 Missalc
264 784 399 858 Mogunt.
427 779 545 850 imi]

120 908 145 964 1.
162 906 281 962 Summe
303 903 381 960 bone
404 905 435 958 et
457 903 590 970 suerius
676 901 703 960 6.
718 901 793 967 Filia
812 901 986 958 Innocentia

161 991 213 1066 qui
234 989 357 1046 Petrum
379 986 417 1045 de
438 1005 520 1044 remo
543 989 628 1045 navis
715 1005 769 1062 pro
793 987 876 1044 salva
898 989 1091 1057 conscientia,

161 1077 286 1142 vocasti,
310 1079 344 1130 ut
367 1078 448 1130 esset
470 1075 555 1130 navis
573 1083 585 1110 ⁸
720 1079 753 1129 ut
776 1071 885 1128 cedant
906 1075 1014 1130 mentia
1036 1076 1117 1143 vitia,
1172 1113 1181 1124 .

204 1165 305 1217 rector
328 1164 450 1216 sanotae
472 1157 542 1215 fidei
760 1164 807 1214 cst
828 1157 965 1232 praelato
987 1162 1117 1233 propria.

119 1281 147 1346 2.
162 1278 358 1336 Publicanum
380 1283 413 1334 tu
436 1280 560 1348 traxisti,
676 1279 704 1338 7.
718 1277 802 1334 Bone
824 1278 903 1346 Iesu,
927 1279 956 1336 in
980 1278 1091 1338 Severo

162 1367 316 1440 peccatori
338 1381 425 1438 spem
449 1363 558 1420 dedisti
718 1367 752 1419 ut
775 1362 917 1420 ostendas
940 1381 1073 1420 normam
1097 1367 1187 1438 clero,

163 1461 194 1508 et
215 1451 285 1508 huic
306 1450 386 1506 hunc
408 1449 580 1524 praefecisti
720 1455 753 1506 ut
774 1449 919 1523 probatur
942 1451 1027 1525 signo
1050 1469 1121 1511 vero

203 1537 304 1594 lumen
327 1537 481 1610 evangelii.
718 1558 722 1565 ·
761 1553 852 1592 uxore
876 1540 906 1591 et
928 1537 996 1594 filia.

121 1657 149 1715 3.
165 1653 210 1712 Tu
234 1655 271 1712 de
293 1656 363 1712 lana
384 1655 573 1723 transtulisti,
678 1657 706 1715 8.
721 1655 781 1723 Fac
803 1673 858 1710 nos
881 1655 942 1722 tibi,
968 1654 1024 1712 deo
1047 1673 1141 1714 vero.

162 1759 251 1818 quem
273 1740 312 1798 ad
333 1742 432 1798 lanam
455 1741 653 1814 assumpsisti,
720 1742 804 1814 gravi
825 1757 907 1797 more
931 1745 961 1796 et
984 1739 1105 1816 severa!

162 1829 242 1884 hunc
266 1825 404 1883 columba
426 1824 585 1883 ostendisti
719 1829 784 1881 tota
806 1831 913 1884 mente.
937 1825 1028 1882 corda
1050 1845 1132 1884 mero

204 1911 376 1984 praesulem
398 1928 465 1967 oum
488 1911 592 1986 gloria.
761 1912 839 2002 ferre
862 1910 951 1968 laude
975 1911 1081 1971 dulcia.

122 2029 150 2088 4.
167 2029 259 2087 Cuius
282 2046 390 2087 nomeu
413 2034 460 2086 est
483 2030 621 2098 Severus,
681 2031 708 2090 9.
724 2030 803 2086 Uxor
826 2031 890 2086 eius
913 2031 997 2088 nobis
1013 2034 1121 2098 ¹iuncta

165 2115 245 2190 quod
255 2120 302 2172 est
310 2114 525 2191 signum,quod
534 2133 657 2172 severus
722 2134 777 2172 nos
801 2114 937 2173 defenset
951 2117 1067 2192 pellens
1084 2125 1192 2178 cuncte

165 2199 255 2257 debet
278 2218 346 2258 esse
369 2202 490 2276 praesui
513 2219 602 2259 verus
721 2219 798 2278 quae
822 2207 891 2258 suut
906 2203 990 2260 nobis
1007 2203 1075 2266 felle
1091 2205 1192 2263 iuncta

206 2292 315 2344 cuncta
338 2304 483 2361 spernens
505 2287 593 2354 levia,
669 2313 670 2316 ¹
765 2287 819 2344 sub
842 2287 929 2346 melle
951 2289 1085 2350 latentia.

121 2405 151 2464 5.
165 2407 244 2464 -Huic
266 2421 341 2464 uxor
362 2410 527 2475 maritatur,
660 2407 707 2466 10.
726 2407 771 2464 Sit
794 2413 824 2464 et
845 2413 917 2466 nata
939 2407 1024 2466 nobis
1047 2413 1134 2468 testis

162 2491 306 2550 fortitudo
330 2494 356 2550 si
377 2494 527 2568 iungatur,
723 2511 813 2568 super
827 2496 943 2552 cunetis
959 2489 1069 2552 nostris
1086 2499 1190 2572 gestis,

164 2583 197 2632 ut
218 2583 346 2650 peccato
369 2579 536 2646 resistatur,
723 2580 762 2635 sit
784 2584 814 2636 et
835 2583 943 2638 mentis
964 2587 1083 2638 nostrae
1098 2585 1192 2640 vestis

206 2665 323 2720 nomine
346 2664 508 2722 Vincentia.
761 2664 887 2738 pulchra
909 2668 1088 2735 innocentia,
1174 2683 1177 2690 ’

218 2833 222 2836 .
294 2841 301 2859 .
350 2785 396 2840 11.
432 2783 472 2840 Ut
493 2801 548 2840 nos
570 2783 673 2852 fortes,
697 2783 788 2841 corde
810 2787 886 2860 puri,

426 2869 456 2925 in
478 2869 536 2926 hoc
560 2886 645 2926 sacro
667 2871 838 2944 pugnaturi,
860 2927 862 2936 ,

425 2955 514 3011 hoste
536 2955 615 3012 victo
638 2958 826 3030 permansuri

479 3043 579 3098 tecum
602 3041 693 3105 simus
717 3043 872 3116 perpetim.

207 3309 277 3369 638.
310 3301 390 3379 [Per
410 3305 519 3370 untur
542 3323 664 3371 cuorum
690 3306 804 3391 prout.
848 3304 905 3373 De
926 3308 1016 3375 colle
1039 3305 1192 3377 Geth-re-

121 3387 219 3451 troni
261 3384 389 3454 &ouo
431 3391 581 3474 turpant
625 3390 788 3475 plurimo.
852 3401 896 3457 De
937 3401 965 3460 S.
987 3399 1204 3472 Quintiae..

122 3479 242 3538 Neale
265 3481 333 3556 Seq.
355 3501 383 3556 p.
411 3479 489 3550 1951
867 3494 870 3499 “

554 3683 756 3706 -Γ-...ψ

206 3821 277 3884 tae.
323 3812 494 3892 laesuros
525 3815 627 3884 maus
650 3819 686 3884 et
716 3817 790 3885 ouo
823 3819 996 3890 coelorum
1015 3801 1192 3892 mustias.

19 3953 33 3980 s
120 3908 163 3968 De
197 3909 384 3970 Omnibus
419 3911 582 3970 Sanctis.
622 3913 753 3970 .Neale
785 3913 856 3988 Seq.
886 3933 915 3990 p.
942 3915 1003 3974 197
1033 3935 1050 3974 e
1077 3919 1193 3979 Missus

120 3993 281 4054 Leodieusi
307 3989 407 4067 1513]
1145 4047 1148 4054 ,

146 4116 170 4172 1.
192 4113 331 4172 Resultet
352 4117 443 4174 tellus
466 4122 497 4174 et
518 4117 581 4174 alta
603 4119 754 4176 coelorum
776 4120 914 4178 machina

142 4199 170 4258 2.
194 4197 228 4254 In
250 4199 369 4259 laudem
391 4201 489 4260 Patris
512 4206 625 4261 aeterni
647 4208 780 4280 regentis
804 4207 942 4275 aethera;

142 4284 170 4342 3.
196 4284 251 4341 Oui
281 4285 465 4387 Angelorum
499 4289 582 4348 chori
617 4291 781 4349 concordes
814 4298 924 4350 canunt
959 4293 1034 4350 odas
1070 4297 1099 4352 in
1130 4299 1196 4372 poli

324 4390 416 4450 segra.
