2728 5028
513 506 516 511 -
563 413 636 530 'au

10 599 12 614 y
87 643 235 701 Praeterea
257 639 378 700 exhibet
392 657 511 699 carmen
526 641 641 716 absque
656 644 806 700 mentione
822 645 952 701 auctoris
969 643 1144 702 Contionele

13 771 17 784 .
65 728 325 804 ,Norimbergensc
350 727 430 787 1623
452 745 481 804 p.
506 725 576 785 309.
977 745 980 750 ·

354 902 463 988 Quem
484 923 580 982 nuno
600 905 696 990 oirpo
717 907 865 993 peperit.

460 1005 494 1062 In
515 1002 609 1059 Natali
631 1004 752 1059 Domini.

136 1095 336 1172 Quem'uunc
358 1103 444 1178 virgo
465 1102 592 1176 peperit,
673 1101 768 1159 Natus
792 1107 838 1159 est
861 1105 890 1160 iu
913 1104 1099 1176 Bethlehem,
1177 1094 1187 1108 ⁸

135 1189 227 1245 vitam
249 1187 359 1244 mundo
382 1189 507 1260 protulit
669 1205 780 1260 passus
802 1191 832 1244 in
853 1187 1026 1258 Ierusalem,

136 1272 336 1348 satanamque
360 1272 474 1348 depulit
629 1287 632 1293 ⁴
671 1274 792 1330 sustulit
813 1277 996 1349 pauperiem,

134 1362 288 1432 potestate
309 1359 466 1434 privatum.
670 1375 739 1414 nam
762 1361 891 1416 omnium
914 1365 961 1417 est
983 1361 1129 1421 dominus.

10 1483 11 1486 ¹
99 1443 503 1512 5111111111-1111-
525 1445 588 1502 11111
613 1439 649 1499 15
673 1443 826 1502 Verlazuis
850 1450 908 1502 etc.

10 1565 27 1618 ί-
134 1529 223 1598 Verla
246 1545 439 1604 susanynna-

81 1655 84 1670 ·
137 1629 167 1688 Si
189 1632 258 1706 quis
280 1631 494 1699 malefecerit,
672 1631 758 1690 Nunc
780 1651 920 1708 rogemus
943 1653 1077 1710 puerum,

136 1721 165 1772 et
186 1715 333 1782 contuitus
355 1717 468 1784 suerit·
670 1721 704 1773 ut
726 1717 778 1775 det
799 1719 884 1776 nobis
907 1720 1050 1796 gaudium

135 1799 301 1876 indulgebit
322 1819 398 1876 puer
418 1802 477 1869 hic,
671 1819 773 1860 secum
794 1806 825 1860 in
845 1811 1033 1880 perpetuum,
1054 1826 1058 1836 ‘

137 1903 204 1942 nam
226 1887 305 1944 mitis
329 1891 431 1943 estut
453 1903 560 1962 agnus.
669 1905 737 1944 nam
758 1889 878 1946 humilis
902 1895 949 1948 est
971 1891 1086 1950 domus.

83 1963 115 2029 ld
136 1971 289 2048 Verlazuis
313 1977 370 2030 etc.
513 1980 517 1988 “
609 1975 651 2034 20
673 1973 827 2032 Verlazuis
849 1981 906 2034 etc.

156 2057 338 2131 Hileeher
359 2073 617 2133 Niederdeutsche
639 2076 785 2134 Gedichte
806 2097 835 2152 p.
859 2077 921 2136 VII.
965 2079 1143 2157 Insculptum

10 2239 11 2242 Ἴ
80 2162 120 2214 est
142 2175 258 2217 carmen
280 2161 310 2216 in
327 2159 493 2220 Cantionali
509 2161 688 2220 Catharlnee
704 2161 780 2231 Tire,
804 2165 939 2240 mopialis
961 2166 992 2222 111
1006 2165 1138 2244 Niesiug.

79 2241 115 2299 01.
137 2243 297 2302 Hoffmann
315 2245 350 2302 D.
373 2245 408 2304 K.
430 2265 459 2328 p.
482 2246 554 2306 421.

408 2421 510 2490 Ten't
527 2424 618 2490 molo
627 2421 808 2513 farinula.

459 2523 493 2577 In
515 2523 608 2578 Natali
629 2524 750 2612 Domini

316 2635 400 2696 Terit
421 2637 500 2694 mola
520 2638 655 2706 farinula,

317 2721 387 2780 dum
408 2723 493 2799 virgo
515 2725 594 2798 parit
616 2729 727 2791 tenere,

316 2808 461 2866 furfurum
482 2808 643 2892 cribratum
664 2813 784 2883 partum
805 2812 893 2884 parit,

318 2898 455 2963 creatura
477 2899 643 2952 creatorem
662 2895 752 2968 parit,
858 2917 860 2932 ι

317 2981 569 3046 taratantarizate,
593 2981 845 3047 taratantarizate,

319 3063 410 3120 corda
431 3069 532 3122 vestra
553 3064 616 3120 Deo
638 3071 826 3139 praeparate.

11 3175 13 3252 J
79 3248 111 3307 ¹5
140 3165 313 3307 ΙΙΗὲᾖιιηωιη
339 3166 374 3223 D.
395 3165 442 3222 K:
487 3157 1012 3226 Brei1.11s.1.80.113.131.2a.
1057 3169 1140 3226 Ende

11 3259 12 3266 ’
114 3292 120 3306 .
161 3268 178 3307 a
239 3293 246 3306 .

152 3354 210 3410 Die
231 3353 294 3410 mill
316 3350 364 3408 die
386 3353 460 3410 malt
482 3352 536 3410 das
558 3353 618 3410 mel
639 3369 673 3410 eo
695 3354 769 3421 klar,

154 3439 203 3496 ein
225 3439 290 3495 rein
308 3437 452 3516 junglrau
475 3440 522 3495 ein
536 3437 608 3494 kind
630 3438 732 3513 geber,
1059 3507 1064 3516 ³

154 3541 188 3580 cs
211 3539 275 3580 war
298 3521 351 3579 der
372 3522 513 3597 schdpier
533 3523 670 3580 himmels
692 3511 754 3580 und
777 3522 830 3580 der
852 3521 952 3591 erden,

155 3626 188 3666 er
210 3608 295 3664 wollt
316 3625 374 3665 von
397 3610 479 3665 einer
497 3609 679 3684 jungfrauen
702 3608 986 3684 geberonwerdon.

153 3693 260 3763 Macht
282 3709 353 3749 euro
369 3691 484 3750 ‘hornen
506 3695 578 3762 rein,
601 3695 703 3750 macht
726 3711 797 3751 eure
819 3693 929 3751 hcrzen
951 3695 1023 3762 rein,

154 3778 290 3853 empfaht
312 3777 367 3834 das
389 3778 576 3836 himmlische
598 3778 669 3835 kind
692 3778 801 3836 dareiu.

172 4015 180 4040 x
382 3937 546 4008 Amorem
567 3959 701 4008 aeneus
724 3940 841 4025 eripe..
906 4007 909 4014 ,

260 4049 276 4062 ·“
326 4041 409 4095 Thes.
432 4041 453 4093 I.
476 4057 502 4108 p.
520 4041 579 4096 274.
615 4039 886 4108 Quadragesimalis.
913 4035 916 4039 ’

131 4136 275 4196 Amorem
299 4153 405 4194 sensus
426 4125 511 4212 'erige
628 4135 646 4193 5
670 4135 804 4210 Benigne
826 4137 961 4204 multum,
986 4135 1135 4202 domine„

132 4221 172 4278 ad
194 4227 235 4290 te,
258 4222 384 4297 largitor
404 4223 519 4288 veniae,
561 4273 571 4292 ,
671 4227 704 4276 tu
726 4222 844 4296 lapsum
867 4223 927 4278 scis
950 4222 979 4278 in
1001 4221 1130 4287 homine,

12 4363 13 4368 ,
132 4312 167 4364 ut
188 4307 245 4381 llas
268 4307 398 4364 clemens
422 4305 572 4384 cordibus,
671 4307 786 4362 infirma
809 4312 857 4363 est
878 4297 1013 4372 materia,

131 4391 271 4468 purgatis
293 4390 362 4449 inde
384 4390 533 4450 sordibus.
670 4409 825 4449 versamur
847 4392 877 4448 in
898 4391 1027 4458 irriserit.
