2728 5028
727 445 809 560 ns,
883 523 889 528 ,

226 629 367 686 acutioris
390 630 498 686 aetatis
532 642 617 695 esse,
649 625 789 686 oriundas
819 628 980 704 plerasque
1009 645 1027 686 a
1056 631 1151 703 poetis
1166 627 1269 704 ,ardun

223 713 346 772 Petrum
369 713 527 770 Societatia
550 714 628 782 Iesu,
652 715 786 787 plurimis
810 715 867 770 illis
892 715 947 770 snb
969 716 1058 772 linem
1080 716 1188 772 saeculi
1206 714 1269 771 xvi.

222 801 388 856 carminum
411 798 623 873 scriptoribus,
654 805 685 856 ct
715 799 823 858 devoto
854 799 964 858 affeetu
994 802 1068 874 ipsis
1097 802 1127 858 in
1154 799 1271 856 medullis

222 884 376 952 haerente,
398 903 457 942 non
479 887 697 958 raromystica
718 883 922 960 profunditate
943 884 1163 945 excellentibus.
1198 883 1271 942 Haud
1353 947 1354 952 1

209 973 330 1046 exigua
351 971 458 1028 horum
480 973 641 1028 carminum
662 988 733 1044 pars
750 977 888 1028 auctores
913 977 1067 1028 consortes
1091 969 1272 1028 munandans

222 1074 282 1136 quo
306 1056 395 1130 Spee,
418 1055 565 1131 flagrabat
587 1056 727 1114 ostendit
772 1049 810 1114 m
837 1058 1026 1116 memorabile
1054 1055 1184 1124 ridetur,
1205 1054 1272 1130 qnod

221 1141 310 1198 huius
333 1143 520 1215 potissimum
542 1144 660 1215 generis
683 1144 835 1228 cantiones
865 1143 1000 1210 fuerunt,
1031 1139 1109 1217 quac
1137 1158 1192 1198 una
1216 1157 1273 1196 cum

193 1223 199 1229 ”
222 1227 307 1284 Dies
330 1228 407 1284 irae
430 1232 460 1283 et
483 1227 618 1284 Stabat
640 1234 755 1288 mater
776 1227 1009 1286 Protestantium
1031 1229 1145 1284 animos
1166 1228 1273 1302 primurn

222 1314 252 1376 in
274 1311 488 1374 catholicorum
511 1314 637 1386 hymnos
660 1312 899 1378 converterint.*)

515 1504 627 1576 Homo
650 1513 793 1574 creatus
816 1505 996 1576 innocens.

322 1609 404 1663 Feria
423 1609 508 1662 Sexta
526 1609 561 1662 ad
579 1607 760 1663 Nocturnum.
797 1605 828 1661 Ε.
848 1609 993 1662 Breviario
1013 1608 1193 1662 Cadurcensi.
1226 1649 1229 1656 .

288 1740 387 1796 Homo
411 1746 530 1798 creatus
553 1743 706 1810 innocens,
827 1740 886 1798 Sed
909 1740 985 1798 haec
1012 1741 1067 1798 riis
1094 1756 1150 1796 nos
1172 1735 1278 1796 dextera

286 1842 402 1900 suaque
426 1825 515 1900 culpa
537 1824 677 1901 degener,
761 1829 799 1886 iil
822 1833 945 1884 aeterna
968 1825 1050 1882 ducit
1072 1825 1201 1898 asperis:

285 1911 396 1968 Christi
410 1911 584 1986 redemptus
601 1915 745 1986 sanguine
786 1979 792 1992 Α
823 1918 853 1970 ct
875 1929 930 1986 per
951 1901 1202 1974 labores'arduos

205 2033 207 2038 -
285 2003 388 2071 grates
411 1995 559 2071 rependat
582 1994 706 2056 debitas.
822 1997 873 2056 dat
895 2003 929 2054 ut
950 1997 1091 2056 fruamur
1103 1996 1208 2070 patris.

242 2133 265 2196 5,
282 2131 416 2190 Iactatus
442 2132 529 2190 undis
555 2135 709 2209 naufragis
824 2123 863 2192 Ut
883 2151 970 2210 saxa,
988 2150 1064 2210 quae
1081 2149 1160 2190 nxurc
1176 2127 1279 2196 extruit,

285 2219 422 2294 caelique
444 2219 551 2294 pulsus
573 2220 670 2288 litore,
822 2219 913 2278 addat
936 2219 1072 2294 supernis
1096 2215 1228 2282 aedibus,

283 2321 374 2361 manu
394 2303 533 2362 Ereantis
556 2299 680 2380 indiget,
761 2305 798 2363 ib
822 2323 876 2362 nos
900 2307 1034 2362 sectione
1050 2303 1184 2380 plurima

288 2407 347 2465 qua
368 2391 449 2448 vivat
466 2401 578 2465 expers
602 2391 722 2447 funeris.
823 2381 907 2465 aptat
929 2391 1044 2465 peritus
1067 2389 1182 2446 artifex.

259 2503 333 2511 ...ι-...-
339 2503 392 2510 —n-
398 2505 423 2510 ..-

287 2551 313 2615 *)
333 2545 500 2612 Dolendum,
529 2552 604 2618 qnod
622 2551 740 2604 Follen
760 2553 787 2604 in
813 2551 976 2604 collectione
994 2567 1045 2604 sua
1063 2565 1153 2618 parva
1170 2547 1282 2616 quidem

220 2619 270 2670 sed
289 2633 431 2685 qnaesue
449 2625 576 2687 tempore
596 2635 650 2673 nou
668 2620 723 2672 levi
741 2624 880 2673 momento
905 2621 986 2692 huius
1008 2619 1146 2672 materiae
1171 2615 1281 2670 studium

213 2686 354 2750 incitavit,
375 2687 477 2754 quibus
496 2703 528 2742 cx
546 2688 672 2742 fontibus
697 2689 822 2740 hauserit
845 2704 982 2756 nusquam
1006 2693 1153 2742 memorat.
1189 2685 1281 2737 Verum

220 2761 351 2808 accurata
369 2757 579 2822 comparatione
590 2757 730 2819 docemur,
750 2756 903 2824 principem
915 2771 1010 2808 corum
1028 2755 1150 2808 sontium
1165 2769 1226 2807 eum
1242 2751 1282 2802 ha·

219 2823 315 2875 buissc
329 2821 508 2886 ¹„Wallrasiii
528 2823 666 2876 corollam
685 2825 857 2892 Hymnorum
890 2825 1040 2878 Sacrorum
1059 2823 1190 2891 publicae
1209 2821 1282 2898 deso·

218 2891 288 2944 tioni
305 2892 526 2955 inservientium,
547 2893 642 2944 ealon.
663 2895 755 2948 1806.“
792 2893 870 2960 Quae
891 2909 976 2960 supra
1000 2893 1133 2955 diximus,
1158 2905 1193 2943 ea
1210 2889 1282 2940 huius

131 2991 138 2996 .
218 2959 347 3014 (tenellae
366 2961 539 3026 praefatione
554 2977 682 3027 prorsum
699 2968 727 3012 et
742 2961 824 3028 plane
834 2963 1066 3028 comprobantur:
1086 2957 1283 3022 „Reddidinus

151 3073 155 3082 ,
219 3043 286 3080 vero
305 3027 480 3096 Hymnorum
499 3030 615 3096 antiqua
634 3036 813 3097 argumenta:
834 3047 868 3084 ne
887 3028 977 3082 odiosi
988 3033 1178 3090 correctores,
1197 3041 1230 3078 uc
1245 3038 1282 3074 re·

219 3100 314 3149 centes
333 3096 444 3148 omnino
464 3095 636 3160 videremur;
655 3113 709 3150 non
728 3105 822 3150 tamen
841 3097 988 3159 cumulum,
1008 3101 1164 3152 nontotam
1179 3105 1283 3162 penum,

219 3165 269 3216 sed
288 3165 315 3215 in
334 3179 449 3230 scopum
465 3167 583 3217 abunde.
620 3159 796 3218 Deters'imus
820 3166 890 3218 male
916 3167 1016 3228 latina,
1046 3162 1283 3218 exauctoravimns

155 3285 158 3289 ,
218 3233 347 3299 hybrida,
366 3231 476 3294 inertia,
496 3247 602 3295 manea,
623 3239 651 3286 et
670 3241 788 3300 quorum
808 3250 862 3287 non
875 3235 975 3288 ,cantui
994 3235 1046 3289 ssd
1070 3234 1188 3288 cumbri
1209 3227 1283 3294 nimii

218 3300 337 3354 adsueta
354 3301 434 3368 plebs
453 3307 618 3357 nauseatum
636 3302 683 3354 diu
701 3303 877 3370 sapientibus
894 3317 974 3356 usum
993 3303 1038 3356 vix
1056 3301 1121 3365 alie,
1142 3313 1228 3370 quam
1243 3297 1285 3350 ob·

217 3368 330 3423 litionis
348 3369 472 3422 remedio
493 3370 661 3424 dedisceret.
698 3371 914 3424 Adtendcndum
939 3372 1110 3426 summatim.
1159 3369 1208 3422 uid
1231 3378 1283 3418 sse·

218 3437 281 3500 culi,
301 3438 329 3490 in
348 3439 424 3506 quod
442 3438 599 3498 incidimus,
619 3440 772 3492 sustineret
791 3439 995 3506 indulca-'quid
1013 3441 1128 3507 linguae
1167 3446 1282 3491 emanue,

118 3552 120 3568 ,
218 3505 272 3559 etsi
290 3507 413 3558 nondum
432 3507 690 3573 receptiorusns,
719 3507 818 3560 saltem
845 3523 879 3560 ea
904 3517 979 3560 nunc
1006 3507 1145 3560 utentium
1167 3501 1286 3559 severine

217 3574 354 3638 indicium,
369 3590 423 3628 non
443 3575 617 3629 abhorreret.
636 3605 669 3614 -
687 3576 869 3643 Antiquiores
889 3577 916 3628 S.
935 3576 1028 3648 Qfficii
1049 3575 1181 3642 Hymnus
1198 3574 1227 3626 in
1243 3583 1285 3637 pc·

216 3641 275 3709 puli
292 3658 373 3696 usum
395 3658 556 3696 communes
573 3644 716 3697 reverenti
734 3660 824 3696 manu.
835 3645 988 3711 tetigimus.
1012 3643 1046 3696 'E
1064 3644 1133 3697 trito
1153 3644 1283 3696 Patrurn

218 3711 292 3764 Soc.
310 3711 331 3764 Ι.
350 3712 564 3778 psalteriolo
584 3712 714 3766 castioris
733 3727 829 3766 musae
848 3713 970 3774 sirenes,
990 3711 1156 3766 auctoribus
1180 3726 1235 3764 non
1251 3707 1286 3784 iu3

217 3779 292 3846 grati
310 3781 441 3832 lubenter
459 3795 491 3832 ac
510 3781 611 3833 merito
629 3781 826 3847 adoptavimus
841 3787 876 3832 et
893 3783 956 3834 hae
974 3781 1159 3848 plurimam
1178 3771 1285 3831 libelis

216 3847 338 3901 molem
358 3852 578 3910 construunt,
599 3849 650 3900 sed
667 3853 847 3924 recpmptam.
884 3848 1011 3916 Hymnus
1029 3847 1179 3902 Prudentii
1198 3843 1290 3898 varios

216 3918 245 3966 ct
264 3914 402 3968 Santolini
421 3913 561 3968 Victorini
579 3918 650 3969 dnos
668 3922 771 3978 tresve,
791 3917 831 3969 ita
849 3933 917 3970 vero
935 3919 1046 3970 refusos
1059 3917 1243 3985 ingessimus,
1261 3915 1287 3962 ul

216 3981 281 4035 novi
299 3982 457 4036 videantur.
493 3985 660 4036 Addidimus
679 3989 803 4038 nostra.“
838 3987 973 4039 Fortasse
991 3986 1054 4039 hnic
1092 3983 1236 4039 uaestioni
1251 3981 1286 4032 lu·

217 4063 277 4104 cem
296 4050 395 4106 offeret
418 4051 491 4103 liber
514 4053 592 4104 cuius
618 4053 729 4106 titulum
759 4057 867 4106 tantum
893 4055 1035 4107 novimusz
1090 4053 1172 4134 ymni
1202 4049 1285 4106 ecclc·

217 4117 323 4173 siastici
342 4133 429 4172 novo
449 4120 544 4172 cultu
562 4121 698 4174 adornati.
717 4121 858 4174 Parisiist
880 4122 923 4188 pis
940 4122 1100 4178 Sebastiam
1109 4119 1286 4174 Oramoisier.

212 4187 291 4240 1673.
309 4189 333 4240 i.
369 4186 440 4240 Nam
458 4187 539 4240 huius
558 4189 622 4240 libri
641 4193 740 4242 auctor
752 4191 843 4242 fertur
894 4191 1003 4244 antinus
1017 4189 1285 4244 OlalreAmbianeu·

186 4303 192 4318 ,
217 4253 256 4306 sis
274 4253 389 4316 Iesuita,
409 4255 450 4309 uti
468 4257 607 4322 suspicari
623 4257 691 4310 licet
710 4273 724 4308 e
742 4251 833 4310 lite'ris
851 4259 1006 4312 initialibus
1024 4257 1165 4326 epistolae
1180 4256 1286 4310 dedica·

216 4323 306 4376 toriae
327 4323 508 4443 ευὴεοτίιόἕὶε.
552 4323 692 4378 Sotvellus
720 4342 745 4390 p.
775 4327 832 4378 584.
874 4327 1001 4382 Placcius
1028 4325 1194 4394 Scriptores
1220 4325 1287 4377 sno·

97 4402 106 4412 ·
172 4390 485 4459 ,nymiec.p.4.
