2728 5028
5 687 7 690 ¹
92 615 210 676 iiluda
232 634 309 676 cum
331 615 546 674 cantoribus
618 614 830 675 7.Geuitori
850 615 985 690 gloria,

5 691 7 714 ¹
127 701 206 758 trade
229 707 260 758 te
284 700 321 758 de
344 701 466 769 foribus,
656 700 724 758 laus
746 699 829 758 Patri
850 701 881 757 in
903 700 1027 758 victoria

5 787 7 800 '
78 823 81 833 ·
126 789 230 844 nuncia
254 786 440 860 pastoribus:
658 787 776 860 perpeti
798 787 948 844 memoria.

126 867 262 946 apparuit
286 873 501 947 quemgenuit
658 871 807 944 Apparuit
831 889 920 946 quem
944 873 1047 946 genuit

5 1011 21 1038 i,
124 958 223 1014 Maria.
310 1025 311 1032 ἵ
655 955 760 1012 Maria.

373 1077 403 1135 8.
430 1075 474 1132 Et
494 1093 560 1132 uos
581 1077 802 1132 unanimiter

427 1161 647 1236 proclamemus
669 1159 810 1228 dulciter;

428 1246 498 1320 Ipse
520 1248 588 1320 pius
610 1245 723 1302 arbiter
767 1305 779 1326 Ι

428 1337 564 1406 apparet,
588 1349 677 1406 quem
700 1332 803 1406 genuit

428 1417 533 1473 Maria.

5 1565 7 1626 ξ
74 1616 96 1676 N
141 1537 246 1680 5A9lia1n
270 1537 408 1594 carminis
430 1537 554 1594 formam
578 1535 1133 1596 exhibctCorneriCantionale1665.

5 1647 7 1662 ι
97 1639 119 1676 0·
183 1665 190 1678 ι
500 1629 503 1634 “

108 1740 250 1816 Magnum
272 1759 380 1798 nornen
402 1741 517 1798 Domini
642 1741 705 1809 Eia,
729 1741 784 1807 eia,

107 1825 260 1894 Fimamrel,
641 1829 726 1901 virgo
749 1825 844 1882 Deum
867 1827 979 1901 genuit,

5 1915 7 1978 3
108 1911 188 1986 quod
209 1913 421 1986 annunciatum
444 1917 491 1968 cst
641 1913 729 1968 sicut
741 1909 840 1968 divina
861 1911 956 1968 voluit

5 1991 7 2038 i
106 2014 157 2071 per
182 1997 313 2064 Gabriel,
644 1997 809 2054 clementia.

106 2082 195 2139 hodie
218 2084 366 2158 apparuit,
390 2084 529 2157 apparuit
644 2081 789 2149 Gaudete,
813 2080 953 2156 gaudete,

5 2179 7 2198 ¹
105 2169 133 2223 in
153 2168 252 2224 Israel
644 2167 780 2224 Christus
803 2172 891 2222 natus
914 2165 1003 2222 hodie
1116 2191 1120 2198 ¹

5 2257 7 2326 ξ
105 2271 157 2326 per
181 2253 307 2310 Mariam
329 2255 474 2330 virginem
644 2269 680 2309 ex
701 2253 797 2308 Maria
819 2253 943 2327 virgine.

105 2339 133 2394 in
153 2339 344 2396 Bethlehem.
932 2349 937 2354 ’

146 2459 276 2516 Carmen
297 2459 465 2534 Magnum
486 2475 611 2514 nomen
634 2475 701 2514 cum
724 2455 798 2525 aliis,
822 2455 919 2514 utEn
938 2455 1133 2515 Trinitatis
1169 2451 1175 2464 ⁸

5 2575 7 2614 ;
69 2544 264 2616 speculum,
293 2543 413 2600 Omnis
435 2543 586 2600 mundus
609 2543 841 2620 incantetur,
879 2543 993 2600 cantari
1016 2545 1135 2600 solitum
1236 2546 1243 2559 ’

5 2623 7 2672 i
68 2633 110 2684 est
137 2631 167 2686 in
200 2629 326 2704 simplici
354 2629 406 2686 illa
429 2630 608 2685 caerimonia
630 2646 665 2684 ac
688 2646 848 2702 puerorum
870 2629 1002 2684 laetitiae
1024 2645 1134 2686 conve-

5 2745 7 2796 ξ
67 2714 163 2782 nienti,
188 2732 266 2789 quae
288 2719 413 2772 vocatur
437 2715 511 2786 „das
534 2707 778 2788 Kindelwiegen“
803 2706 902 2780 (Thes
918 2713 941 2782 Ι,
964 2731 993 2786 p.
1013 2715 1073 2770 144
1089 2733 1133 2790 sq.

66 2797 220 2856 Hoffmann
242 2801 277 2856 D.
299 2799 334 2856 Κ.
355 2819 385 2874 p.
400 2798 589 2866 416—440).
633 2799 750 2856 Acerbe
773 2800 887 2856 notavit
908 2798 1059 2856 Lutherus
1081 2816 1134 2874 pa·
1190 2841 1195 2845 -
1290 2813 1293 2818 “
1354 2813 1358 2832 ·

5 2883 10 2966 3
66 2889 139 2941 trum
171 2889 306 2942 sanctam
335 2886 517 2942 hilaritatem
545 2888 575 2941 in
597 2885 686 2941 libro:
725 2881 985 2958 Vermahnung
1010 2901 1052 2940 an
1076 2884 1133 2941 die

5 2967 7 3034 3
68 2967 297 3028 Geistlichcn‘
315 2973 350 3026 in
365 2970 578 3046 Augsburg:
602 2971 657 3027 Die
674 2970 788 3038 stacte,
812 2987 845 3026 so
868 2973 897 3026 in
921 2971 973 3026 der
994 2973 1134 3044 qlcissen-

67 3055 118 3110 dea
139 3055 245 3113 Kircte
278 3059 309 3112 ia
336 3057 450 3130 Uebanp
483 3058 543 3113 aad
562 3057 680 3112 Brauct
713 3055 781 3113 sind
799 3067 932 3130 pervecta
952 3081 996 3130 ᾗ·-
1016 3081 1055 3095 —
1081 3057 1133 3112 das

66 3140 213 3216 Apparuit.
257 3141 429 3200 Tamaniu
452 3159 511 3198 nou
527 3142 616 3198 nullis
632 3141 799 3216 provinciis
829 3140 993 3198 obtinuisse
1015 3139 1134 3200 videtur
1192 3142 1194 3144 ’

68 3229 160 3299 sancti
180 3227 301 3284 infantis
323 3229 351 3284 in
376 3229 459 3284 cunis
482 3229 616 3302 agitatio.
662 3227 786 3300 Legitur
814 3243 933 3282 carmen
955 3227 1031 3282 infra
1052 3229 1133 3300 posi-

5 3325 7 3380 ξ
67 3315 126 3368 tum
154 3313 184 3368 in
206 3313 372 3370 Cantionali
393 3312 440 3370 Jo.
462 3313 607 3370 Waltheri
633 3312 713 3370 1544
734 3311 789 3368 Nc.
813 3311 864 3380 40,
887 3313 917 3369 iu
931 3309 1058 3386 Agenda
1075 3311 1132 3368 Po·

65 3400 211 3455 meraniae
237 3399 326 3458 1563.
342 3399 372 3456 in
395 3399 562 3455 Cantionali
584 3397 708 3474 Rigcnsi
733 3397 813 3456 1549
837 3402 893 3456 etc.

5 3525 7 3540 ¹
65 3513 187 3592 Joseph,
209 3519 305 3574 lieber
325 3517 442 3592 Joseph
463 3519 550 3586 mein,
641 3517 719 3574 Nato
741 3517 807 3590 regi
828 3509 958 3590 psallite,

64 3599 555 3678 hiltmirwiegenmeinkindelein,
641 3619 730 3660 voce
752 3603 811 3678 pia
834 3601 935 3658 dicite:

5 3753 7 3764 .
67 3683 125 3744 Got
148 3688 198 3746 der
219 3691 288 3766 mitt
311 3688 379 3746 dein
400 3690 485 3746 loner
508 3690 571 3746 sein
642 3689 681 3745 sit
702 3689 798 3762 gloria
821 3687 950 3756 Christo,
1066 3737 1067 3742 ,

65 3771 105 3828 im
135 3773 338 3834 himmclreich
374 3771 428 3832 der
454 3775 598 3850 jungsrau
642 3779 743 3830 nostro
766 3773 923 3830 infantulo!
1092 3769 1098 3781 ’

366 3861 431 3918 kint
451 3859 554 3918 Maria.
640 3859 788 3934 Apparuit
809 3859 839 3914 in
861 3856 955 3914 Israel
1045 3903 1051 3908 .
1093 3861 1095 3863 ’

65 3939 129 4010 Eia,
151 3946 232 4020 uirgo
254 3946 351 4004 Deum
373 3948 486 4021 genuit,
637 3962 727 4020 quem
748 3942 894 4018 praedixit
917 3941 1038 4000 Gabriel

5 4089 6 4092 ,
65 4045 155 4100 quem
176 4029 273 4089 diviua
295 4033 389 4090 voluit
640 4035 687 4088 est
709 4035 797 4086 natus
819 4047 879 4086 rex.

67 4113 228 4174 clementia.
333 4131 335 4135 ·
375 4123 377 4128 ’
682 4129 690 4146 ·
