2904 5028
220 576 376 669 certiorern
411 612 497 681 fecit,
535 612 670 687 profecto
706 611 784 669 hano
822 613 991 675 emtionem
1019 613 1111 672 latino
1148 630 1285 682 sermone

217 696 367 772 hodieque
389 713 407 754 e
434 699 532 756 nautis
555 698 657 756 siculis
680 699 802 758 centeri.
829 697 965 776 &Strophu
987 697 1146 758 secunde
1162 704 1192 757 et
1214 704 1283 758 ter·

139 819 144 834 ‹
207 785 283 852 tio,
312 783 417 860 procul
447 782 535 842 dubio
566 785 685 860 spurius
706 783 848 859 leguntur
870 800 895 841 c.
919 801 948 860 g.
971 783 1001 841 in
1024 783 1178 863 Simrockii
1191 784 1284 872 libro.

606 1063 693 1130 lesu
710 1061 891 1150 formosis.
930 1063 936 1068 ’

186 1196 188 1204 1
289 1165 427 1234 Dialogus
445 1165 520 1218 inter
537 1163 630 1220 Iesum
648 1168 677 1217 et
694 1164 813 1218 Mariam
831 1179 865 1220 ex
883 1164 1006 1220 Canticis
1025 1163 1210 1221 canticorum.

273 1241 276 1249 ’
640 1232 751 1288 Corolla
769 1233 863 1290 Wollr.
1071 1256 1074 1260 ·

237 1347 277 1408 M.
301 1347 371 1405 Iesu
392 1347 530 1405 formosis
789 1333 818 1405 Is
835 1331 926 1422 Virgo
951 1346 1069 1404 tenellis

299 1433 452 1508 pulchrior
474 1449 507 1488 es
529 1433 616 1500 rosis,
833 1433 1087 1506 mitiorcapellis,

228 1570 233 1581 ,
300 1535 372 1576 auro
394 1518 561 1592 pretiosior,
834 1522 916 1574 astro
939 1535 972 1574 es
994 1517 1147 1592 fulgidion
1256 1561 1260 1566 .

207 1603 210 1610 ’
299 1610 333 1674 ut
354 1603 409 1660 flos
433 1620 584 1671 amoenus,
834 1603 980 1677 comptius
1003 1603 1081 1659 slrr‘rn

298 1694 333 1746 ut
356 1689 401 1746 sol
425 1705 557 1762 serenus
736 1691 750 1716 '
833 1705 941 1763 corpus
959 1693 1006 1746 est
1019 1687 1128 1762 palma,

301 1775 390 1856 astris
414 1775 586 1848 speciosior,
832 1775 900 1832 nive
915 1779 949 1830 tu
965 1772 1126 1831 candidior.

253 1893 275 1952 1.
299 1895 390 1968 Virgo
415 1891 523 1950 decore
769 1893 809 1952 M.
831 1894 939 1950 Durior
959 1897 1055 1968 petra,

297 1980 451 2055 pulchrior
473 1995 506 2036 es
528 1978 610 2047 flore,
831 1979 932 2036 bellun
955 1983 1102 2036 esttetre

299 2067 423 2141 gemmis
446 2065 624 2132 rutilantior,
708 2116 718 2123 .
833 2061 968 2140 quisquis
991 2069 1021 2120 te
1043 2082 1103 2120 non
1126 2061 1237 2140 diligis

262 2157 266 2165 *
297 2152 373 2208 lenis
396 2153 430 2206 ut
451 2149 540 2218 undu,
627 2139 630 2152 '
763 2188 768 2192 -
830 2155 897 2207 trux
919 2154 967 2207 est
988 2150 1115 2226 hyaena,

297 2241 332 2294 ut
352 2254 402 2310 ros
425 2233 580 2302 foecunda,
829 2236 913 2292 ferox
933 2235 1070 2302 leaenas
1111 2239 1114 2245 '

298 2321 369 2378 luna
391 2337 424 2376 es
446 2321 654 2394 praestantior.
825 2321 883 2395 'qui
905 2325 935 2376 te
958 2319 1058 2377 lesum
1078 2319 1212 2396 negligit.
1250 2375 1251 2381 ,

206 2436 207 2444 ’
234 2440 368 2520 M2Iesu
389 2439 507 2495 labellis
786 2439 809 2499 1.
831 2439 939 2498 Durior
960 2439 1060 2514 lignis,

299 2527 411 2601 gratior
434 2541 466 2581 es
488 2523 592 2592 stellis,
791 2559 794 2562 -
832 2530 1011 2585 saevusest
1033 2529 1067 2580 ut
1087 2525 1165 2599 ignis

217 2605 246 2631 ·'
297 2613 374 2676 uitro
398 2614 429 2666 et
449 2608 583 2678 lucidior,
676 2647 678 2657 ·
831 2611 968 2685 quisquis
991 2615 1021 2666 te
1044 2627 1103 2666 non
1117 2611 1263 2684 ·respicit;

296 2696 402 2753 laetior
425 2697 526 2752 stratis
557 2748 569 2768 ,
605 2693 606 2697 ’
828 2697 854 2752 is
877 2701 925 2752 est
945 2711 1074 2754 vesanus

295 2779 417 2838 floribus
439 2783 543 2854 pratis,
626 2823 635 2841 ,
830 2786 861 2836 et
882 2781 1068 2848 inhumanus,

201 2867 203 2873 ‘
295 2865 382 2924 botro
405 2883 438 2924 es
453 2868 621 2924 ¹venustior.
653 2925 654 2928 ,
729 2875 736 2880 ·
829 2867 881 2940 qui
902 2865 1028 2923 Mariam
1050 2864 1184 2940 despicit.

490 3129 552 3197 En
573 3148 640 3218 quo
660 3075 762 3198 saluo
790 3130 995 3196 mortalium.

344 3231 463 3284 Santolii
481 3230 619 3286 Victorini
638 3231 673 3284 de
690 3231 873 3300 Martyribus.
907 3231 989 3284 Brev.
1009 3229 1148 3284 Tullenss.

150 3347 154 3358 ¹
206 3359 208 3364 ’
274 3361 317 3418 Ex
339 3378 398 3437 quo
423 3361 503 3418 salus
526 3355 692 3418 niortalium
805 3361 915 3418 Parata
939 3365 1078 3438 spectans
1101 3361 1234 3432 praemia
1321 3427 1325 3435 ¹

274 3447 357 3504 fluxit
380 3463 466 3503 sacer
487 3446 542 3504 Dei
565 3443 660 3514 cruo'r,
726 3499 729 3506 ,
760 3519 764 3527 .
809 3464 933 3503 securus
956 3444 995 3501 ad
1016 3461 1143 3519 poenam
1165 3445 1260 3503 volat:

273 3532 362 3588 horno
385 3532 558 3606 redemptus
582 3531 730 3588 aemulum
746 3532 782 3591 15
806 3535 848 3588 sic
871 3538 995 3606 pugnat,
1018 3535 1052 3586 ut
1075 3535 1177 3604 speret
1191 3531 1274 3598 mori,

274 3617 338 3674 Deo
360 3617 457 3675 litavit
480 3619 663 3692 sanguinem.
806 3623 837 3674 et
858 3622 953 3673 morte
976 3621 1100 3671 mortem
1122 3616 1249 3672 vincere.

232 3736 250 3796 5
273 3737 405 3794 Non-iarn
414 3739 510 3794 crucis
519 3735 630 3798 Christi
637 3733 740 3811 pudet,
805 3737 888 3794 Unus
911 3741 956 3790 tot
978 3739 1108 3790 armatas
1121 3747 1235 3791 ‘manus

213 3821 215 3830 ‘
275 3823 346 3898 quin
369 3824 464 3898 surgit
486 3824 591 3898 ingens
615 3821 710 3896 gloria
808 3827 946 3896 stupente
968 3821 1063 3876 lassat
1085 3811 1191 3887 iudice,
1222 3843 1230 3850 ’
1258 3883 1260 3888 ,

272 3907 368 3964 Deum
389 3907 476 3963 interi
498 3912 655 3976 mortuum,
808 3912 838 3963 et
859 3911 955 3962 tortus
978 3907 1051 3979 ipsis
1074 3906 1126 3986 qui
1148 3903 1229 3961 cadit

272 4009 327 4066 pro
350 3997 466 4050 mortuo
489 3995 562 4050 mori
584 3991 657 4048 Deo.
743 3993 784 4052 20
807 3990 1014 4068 torquentibus
1037 3991 1071 4046 fit
1092 3991 1204 4046 sortior.

272 4111 337 4168 Hoc
359 4113 416 4169 iste
438 4112 545 4186 plenus
569 4113 674 4186 spiritu
779 4109 848 4175 'De
871 4111 989 4168 Christe
1011 4111 1087 4180 tanti
1109 4109 1210 4168 militis

212 4197 250 4256 10
271 4196 353 4255 ridet·
371 4199 474 4265 mines,
498 4196 577 4254 ridet
598 4213 698 4264 neces,
804 4213 933 4272 aequare
955 4197 1036 4252 iacto
1057 4195 1161 4261 fortis.

271 4288 384 4358 tuaque
406 4283 500 4340 fretus
525 4281 647 4352 deutera
806 4281 845 4338 de
867 4282 1015 4340 sustinere
1037 4297 1091 4354 pro
1114 4284 1167 4338 tuo

272 4367 334 4436 tibi,
357 4367 549 4443 Redemptor,
572 4367 687 4426 militet.
802 4364 1003 4456 puodcunque
1027 4364 1133 4443 durum
1147 4365 1272 4424 nomine
