2904 5028
771 451 841 550 14·

341 642 396 699 Ut
417 643 507 698 liceat
529 643 642 698 serenis
672 641 789 698 actibus
809 629 814 717 Ι
833 641 961 715 pleniter
990 641 1054 700 adi·
1152 650 1159 663 ¹
1404 699 1408 708 ,

277 769 324 826 VI
357 715 542 871 ΗιιοιιιξθιιιΙ
562 725 1029 887 ggpafigpapocgirpsu'aeluisquis
1021 813 1051 868 in
1082 759 1344 841 ῙΟΗΗΞΜ

440 897 547 954 horum
569 895 659 952 lande
678 885 683 972 Ι
704 913 736 952 se
763 902 886 989 exercet
911 913 1049 970 propere.

329 1015 402 1071 ’.ιΠ
427 1014 487 1070 Sed
512 1015 670 1071 aeternalit
658 1019 704 1071 ter
727 1033 794 1071 cunr
817 1014 930 1072 eisdem
953 1017 1081 1074 catervis
1097 1021 1197 1074 tecum
1213 976 1252 1074 ιιι
1275 1015 1322 1073 do·

254 1101 340 1159 mine.
384 1101 562 1173 Vs.1rresp

269 1195 272 1202 '
339 1185 401 1240 Iam
423 1201 494 1241 vero
511 1183 714 1260 quaerendum
737 1191 792 1251 est,
817 1203 946 1260 quonam
962 1155 1049 1242 modo
1065 1187 1204 1244 facillime
1228 1192 1259 1242 et
1280 1203 1323 1244 re-

256 1269 387 1326 ctissime
410 1267 539 1326 ordinari
561 1272 679 1343 possint
700 1272 915 1329 intercisiones
959 1269 1018 1327 Alii
1046 1273 1123 1328 enim
1146 1273 1199 1328 alit
1187 1277 1234 1328 ter
1256 1271 1324 1329 divi·

257 1360 370 1423 serunt,
394 1371 449 1411 nec
473 1361 556 1412 certo
580 1347 742 1430 quidquam
758 1355 794 1412 de
818 1373 853 1412 ea
874 1373 907 1412 re
931 1358 1022 1414 statui
1043 1361 1097 1430 pot
1100 1361 1154 1412 est.
1190 1357 1254 1418 Nec
1276 1357 1324 1412 mi-

254 1441 313 1495 rari
335 1457 395 1495 non
416 1457 555 1514 possum,
587 1457 646 1513 quo
674 1446 765 1514 pacto
794 1441 846 1498 Vir
875 1441 917 1496 cl.
941 1439 963 1496 1.
987 1440 1019 1497 Τ.
1049 1442 1167 1499 Monius
1196 1443 1271 1497 satis
1294 1457 1323 1496 se

254 1527 446 1597 responsoria
468 1523 599 1581 edidisse
623 1525 678 1581 sibi
700 1527 782 1582 visus
789 1528 845 1592 ιιι,
869 1544 960 1600 quum
976 1526 1025 1592 nil,
1049 1527 1105 1582 nisi
1129 1525 1210 1599 quod
1234 1527 1323 1582 oeulis

172 1629 175 1636 ·
254 1625 360 1666 versus
396 1611 553 1666 intercisos
596 1612 850 1683 repraesentavit,
896 1609 1041 1666 eiusmodi
1085 1627 1176 1684 saepe
1213 1611 1321 1668 fecerit

154 1721 159 1729 -
254 1693 466 1768 Exemplosit
453 1693 570 1750 t.'l'om
598 1696 623 1750 1.
652 1695 759 1768 Hymn
794 1694 862 1752 153
904 1693 952 1751 Ita
981 1695 1031 1752 ille
1062 1693 1216 1776 ediditt
1184 1699 1216 1752 et
1238 1697 1323 1752 inter

254 1781 372 1853 punxit.

291 1901 317 1954 1.
341 1897 420 1972 Agni
440 1898 573 1970 pascalis
645 1940 648 1952 .
824 1901 861 1959 2:
876 1898 1008 1968 Quarum
1022 1899 1103 1955 frons
1115 1900 1145 1954 in
1159 1901 1258 1972 postis
1281 1903 1323 1955 est

342 2000 396 2039 esu
418 1988 553 2057 potuque
577 1983 683 2058 dignos
875 1983 996 2039 modum
1018 1987 1081 2040 eius
1104 1985 1180 2040 illita

779 2153 784 2160 ἱ
837 2141 841 2149 Κ
876 2086 962 2126 sacro
986 2075 1089 2134 sancto
1113 2085 1222 2128 eruore

337 2098 473 2158 Moribus
498 2103 622 2158 sinceris
1272 2155 1277 2168 ,

877 2160 907 2210 et
929 2159 995 2210 tuta
1018 2171 1036 2210 a
1058 2153 1143 2210 clade
1172 2170 1321 2228 canopica,
1407 2221 1408 2236 χ

339 2186 505 2266 praebeant
527 2205 629 2243 omnes
654 2205 686 2242 se
762 2217 766 2221 ·

341 2272 521 2327 christianae
544 2273 669 2338 animae,
876 2322 1009 2392 Quarum
1026 2322 1163 2380 crudeles
1185 2325 1290 2381 pmsteg

341 2388 399 2446 Pri)
423 2367 589 2465 (ιιιιιιει
613 2389 669 2446 ιθθ
876 2411 905 2464 in
927 2411 1001 2466 mari
1020 2411 1110 2466 rubro
1134 2415 1205 2467 sunt
1222 2409 1322 2466 obruti.
1407 2383 1408 2396 ἵ

339 2476 469 2532 hostiam
491 2475 599 2532 obtulit

338 2562 404 2635 ipse
428 2574 559 2618 summus
582 2561 715 2634 pontifex

339 2679 381 2736 At
403 2681 462 2736 hoc
484 2694 556 2738 vero
578 2697 637 2736 non
665 2685 726 2736 tarn
744 2681 957 2753 parallelinare
977 2687 1045 2750 est,
1076 2699 1166 2757 quam
1188 2669 1322 2760 ἀπαραι-

253 2751 370 2844 lapion<
392 2763 446 2820 sub
475 2767 576 2840 specie
598 2765 792 2838 parallelismi
821 2783 927 2824 versus
951 2767 1056 2824 sinere.
1102 2768 1196 2824 Nemo
1220 2769 1321 2824 melius

252 2852 283 2906 in
304 2851 362 2906 hac
385 2853 510 2910 materis
524 2849 672 2907 laboravit
660 2855 783 2924 tqnam
799 2852 947 2918 W,olfius
943 2854 1009 2926 qui
1022 2854 1135 2908 utinam
1157 2853 1239 2928 quod
1254 2869 1322 2926 pau-

254 2937 296 2992 cis
319 2937 470 3009 praestitit
480 2935 666 3008 sequentiis,
689 2931 790 2991 multis
812 2938 1031 3010 praestitisset!
1053 2937 1230 3011 Exemplum
1250 2954 1334 3008 vero.

208 3085 210 3090 ¹
254 3021 424 3094 capiamus:
455 3016 608 3094 Moniique
642 3021 863 3077 intercisionem
903 3023 1041 3094 primam,
1077 3021 1145 3078 dein
1181 3028 1319 3088 nostram,

254 3110 433 3178 spectemus.
478 3105 521 3162 Ex
543 3106 706 3162 notissimis
730 3110 777 3164 est
800 3107 971 3182 sequentia:
1002 3107 1128 3164 Sancti
1152 3107 1321 3184 Spiritus.

253 3189 300 3246 lta
321 3191 453 3247 Monius:
489 3184 492 3192 ’

472 3313 497 3368 1.
520 3310 622 3367 Sancti
644 3311 766 3386 spiritus
790 3313 865 3368 assit

521 3396 606 3452 nobis
630 3398 735 3469 gratia.

339 3495 400 3554 Sed
413 3496 503 3573 plane
518 3496 754 3572 irresponsorius
778 3502 825 3554 est
840 3513 961 3556 versus:
984 3516 1040 3556 nec
1056 3499 1098 3556 ita
1120 3500 1148 3555 in
1165 3497 1240 3556 duas
1257 3513 1319 3572 par

252 3587 299 3639 tes
322 3582 413 3642 dividi
433 3587 544 3657 potest.

469 3686 498 3744 2
521 3683 605 3753 Quae
629 3683 721 3742 corda
742 3703 797 3742 nos
800 3691 846 3743 tra
800 3685 924 3744 tsibi
945 3687 1037 3744 faciat

515 3769 602 3852 pabit
590 3771 722 3826 taculum

519 3882 658 3963 Expulsis
681 3887 750 3946 inde
774 3895 863 3948 cunct
864 3891 890 3948 is
912 3890 993 3951 vitiis

521 3971 593 4047 spiri
594 3974 712 4045 talibus.

520 4091 647 4166 Spiritus
670 4093 757 4161 alme,

517 4177 683 4234 illustrator
704 4179 865 4248 hominum,

517 4294 661 4354 Horridas
683 4304 805 4355 nostrae

517 4383 625 4444 mentis
647 4401 745 4460 purga
766 4381 914 4441 tenebras.
