2788 5024
585 433 651 512 ait

83 624 112 682 5.
127 620 330 681 Sie'vastitur
353 607 562 695 dupla'vesta
621 619 650 678 7.
668 621 756 680 Salve
781 624 875 688 easta,
898 613 1017 688 munda,
1041 623 1130 690 mitis,
1213 667 1226 682 s

26 784 29 790 Ι
127 709 195 766 alba
217 709 358 764 castitate
381 711 469 775 teste,
662 709 722 781 pia,
747 706 853 774 duleis,
878 708 967 780 plena
989 709 1058 764 vitis

125 795 217 851 rubra
237 794 388 868 passionis
410 797 498 867 peste
619 787 624 792 ’
664 796 694 849 et
717 793 1011 866 virtutumgemme,
1035 791 1105 850 ditis

167 881 270 936 iuncta
292 877 468 936 diademate.
706 893 833 950 aspersa
856 877 932 934 coeli
955 895 1030 936 rore.

82 998 110 1057 6.
125 997 259 1054 Palmam
268 1009 357 1054 manu
372 999 430 1053 fert
444 997 600 1056 victricem
617 997 647 1056 8.
662 997 700 1052 Et
724 997 801 1053 coeli
822 1015 878 1053 nos
901 996 1043 1054 secundet

126 1083 215 1161 digne
238 1100 369 1158 sequens
384 1081 569 1139 ‘adiutricem
661 1099 741 1148 rore,
765 1083 837 1138 soris
860 1084 940 1138 intus
963 1081 1095 1149 mundet,

124 1173 273 1238 nostram,
296 1166 408 1225 'Christi
432 1168 618 1242 genitricem,
664 1167 822 1242 sanctique
846 1169 969 1243 spiritus
992 1166 1118 1224 mundet

142 1254 305 1330 ‘virginali
329 1254 491 1310 schemate.
706 1251 799 1308 eorda
821 1256 925 1312 nostra
947 1252 1089 1330 dulcore.¹

315 1373 343 1433 9.
381 1372 521 1440 Praesta,
544 1375 633 1445 pater
655 1377 747 1448 atque
769 1377 848 1440 nate,

354 1459 456 1515 confer
479 1457 601 1531 spiritus
623 1457 723 1525 beate,

283 1555 285 1561 '
355 1543 508 1600 amborum
530 1559 623 1600 nexus
647 1541 794 1611 ordinate,

399 1637 507 1686 cuncta
528 1644 637 1702 regens
660 1629 792 1688 saecula.

166 1749 188 1808 Ι.
210 1749 316 1823 procul
338 1746 427 1804 dubio
451 1748 623 1822 suppletur:
649 1747 888 1804 Dorotheum
911 1756 1131 1808 veneretur.

168 1988 240 2046 486.
256 1976 437 2068 {Attalum
462 1975 662 2072 Maximine
688 1977 811 2042 virum.
869 1987 1080 2062 Fragmentum
1104 1991 1156 2048 Se·
1189 1987 1195 1992 ’
1230 2043 1231 2046 ,

82 2073 222 2148 quentiae
245 2072 282 2129 de
306 2074 334 2132 S.
352 2073 518 2130 Castore.
556 2071 679 2126 Brower
693 2070 839 2146 Antiquit.
855 2073 968 2130 Trevir.
985 2074 1007 2130 Ι.
1023 2094 1053 2150 p.
1071 2071 1152 2146 236]

371 2192 501 2248 Auetum
522 2191 681 2262 Maximine
703 2191 799 2248 virum

370 2279 462 2334 Fama
482 2271 659 2352 *virtuteque
677 2277 783 2334 mirum

414 2362 561 2420 Prouehis
585 2360 745 2420 ordinibus,

370 2449 418 2504 Fit
440 2447 546 2506 divinis
570 2448 711 2515 sociatus,

369 2533 483 2590 Praeoo
506 2533 562 2588 Dei
584 2532 668 2590 verbi
691 2537 795 2606 gratus

413 2619 467 2674 Via
488 2617 599 2694 luxque
621 2618 762 2674 tenebris.

370 2702 538 2760 Cardonum
560 2705 605 2761 uir
627 2705 712 2779 virgo
734 2703 851 2778 pudens

372 2787 490 2846 Intrans
514 2790 664 2864 eremique
687 2789 838 2862 prudens-

415 2873 519 2930 Cultor
541 2891 633 2932 ovans
657 2873 796 2934 latebras.

166 3114 236 3172 487.
267 3101 381 3184 [Quod
397 3101 581 3174 inventam
605 3107 659 3170 est
679 3104 898 3170 translatam.
941 3117 1153 3192 Fragmentum

83 3201 262 3276 Sequentiae
284 3200 314 3254 in
337 3198 613 3256 Translatione
636 3199 664 3258 S.
690 3200 868 3258 Castoris.
913 3202 1152 3281 BrowerAntiq.

82 3286 168 3344 Trev.
193 3285 215 3343 I.
238 3304 267 3358 p.
292 3282 372 3352 236]

84 3403 172 3476 Quod
194 3399 347 3462 inventum
372 3407 418 3458 est
440 3403 618 3460 translatum
640 3404 724 3461 Nave
748 3405 839 3461 salem
863 3405 1025 3474 deferente,

83 3491 117 3547 In
135 3491 193 3546 hoo
209 3487 353 3561 templum
370 3493 579 3563 consecratum
642 3489 680 3544 Et
701 3485 859 3546 Mosellam
882 3491 1064 3548 ascendente

81 3575 236 3646 Quondam
259 3573 382 3630 Paulino
407 3571 538 3628 dicatum
640 3575 733 3630 Servo
756 3575 811 3631 Dei
835 3577 880 3632 sal
901 3583 1025 3650 petente

93 3728 98 3737 q
126 3661 247 3718 Cunctis
270 3657 449 3716 venerabile.
682 3659 817 3733 Negatur
840 3663 1054 3721 munusculum.

83 3745 173 3803 Genti
196 3747 280 3801 ouius
302 3761 385 3800 mens
408 3741 537 3818 benigna
641 3744 774 3820 Insurgit
796 3751 962 3820 tempestas
985 3749 1080 3817 fortis

33 3825 39 3830 ’
80 3831 176 3888 Offert
198 3831 262 3886 Deo
284 3833 355 3890 vota
378 3828 492 3904 dignas
608 3875 610 3878 .
636 3831 727 3904 Viget
750 3833 843 3888 omnis
866 3839 965 3889 metus
987 3837 1109 3904 mortis;
1223 3869 1227 3878 «

77 3915 279 3974 Perdiversa
300 3920 407 3988 patent
430 3917 518 3990 signa
637 3915 694 3972 Hic
718 3917 776 3972 vim
800 3917 881 3975 dirae
904 3919 990 3994 fugat
1014 3923 1103 3978 sortis
1189 3989 1191 3992 ⁸

123 4001 177 4058 Dei
200 3999 356 4057 Mirabilia.
684 3999 743 4058 Per
765 4005 862 4060 crucis
887 4007 1080 4080 signaculum.

38 4105 44 4124 ’
79 4087 156 4144 Nam
179 4087 263 4160 origo
286 4086 429 4142 bonitatis
643 4085 668 4142 Ο
692 4092 752 4142 tam
775 4087 844 4144 felix
867 4093 1000 4158 eremita,

81 4173 159 4229 Fons
182 4171 299 4230 divinae
321 4173 497 4230 maiestatis:
641 4171 674 4227 In
697 4161 775 4230 vall'e
799 4174 910 4244 doloris
934 4177 1001 4244 sita,

79 4257 194 4332 Aegris
214 4273 306 4332 saepe
330 4258 504 4332 sospitalis,
639 4256 686 4312 Ab
709 4257 767 4315 hao
789 4262 852 4317 vita
874 4280 928 4318 nos
951 4264 1044 4320 invita

119 4343 174 4398 Hic
198 4341 252 4400 dat
273 4341 429 4402 beneficia.
517 4378 519 4382 .
682 4341 731 4400 Ad
755 4349 877 4404 aeterna
900 4347 1018 4424 gaudia.

519 4458 715 4472 -u——tp—
