2822 5026
722 433 767 482 ru

210 590 266 670 qui
288 607 354 652 non
377 593 510 665 recepto
532 593 626 650 textu
641 593 788 650 correcto
802 587 962 650 Breviarii
976 587 1118 650 Romani
1128 592 1282 651 textuum

208 693 421 756 traditionem
443 691 587 769 aliquam
619 695 881 768 repraesentant.
936 691 1064 753 Horum
1099 691 1282 767 scripturae

208 795 378 860 literarum
401 792 592 854 diversitate
614 793 791 854 distinctae
812 793 912 854 variis
935 793 1132 854 lectionibus
1166 793 1282 857 adiun-

208 900 281 960 ctae
304 900 389 958 sunt.
434 895 583 970 Quatucr
604 895 757 960 ordinum
780 895 944 971 elegimus
964 894 1146 958 Breviaria:
1169 894 1282 956 Brevi·

208 999 315 1060 arium
329 997 462 1058 Ordinis
477 997 820 1070 Praedicatorum,
835 997 970 1060 Parisiis
988 990 1153 1071 1143111
1168 997 1282 1058 Horae

207 1102 353 1166 Diuinae
382 1101 576 1164 Fratrum
599 1101 634 1162 Β.
656 1099 859 1181 Virginis
882 1099 1041 1160 Mariae
1064 1098 1114 1158 de
1136 1098 1281 1158 Monte

208 1201 401 1268 carmelo
435 1204 504 1274 cte,
535 1201 687 1262 Venetlie
711 1194 794 1263 1759
817 1197 906 1276 (Oak
939 1200 1143 1262 Breviorium
1164 1201 1282 1260 Prae-

207 1307 528 1370 rnonstratense
551 1308 619 1376 etc,
642 1303 784 1364 virduni
801 1297 882 1362 1741
906 1297 974 1378 (P);
996 1302 1204 1364 Brevianum
1226 1301 1281 1364 Oi·

207 1406 443 1478 sterciense,
465 1404 601 1466 Parisiis
625 1399 709 1468 1752
732 1402 808 1478 (Os).

291 1509 359 1570 Iam
377 1507 406 1568 si
421 1507 602 1568 transimus
619 1507 661 1568 ad
684 1523 724 1568 ea
740 1505 896 1578 subsidia,
920 1521 1005 1583 quae
1021 1506 1062 1566 ab
1086 1497 1280 1578 11111845,

206 1627 271 1691 quo
294 1610 428 1672 tertium
450 1609 606 1670 volumen
628 1609 804 1685 Thesauri,
814 1609 848 1668 in
871 1609 979 1668 lucem
1001 1607 1139 1684 prodiit,
1162 1605 1280 1668 literae

207 1713 426 1792 germanicae,
449 1711 596 1787 gallicae,
619 1712 770 1788 anglicae
793 1710 991 1782 obtulerunt
1014 1710 1120 1785 primo
1136 1709 1208 1770 loco
1232 1709 1280 1770 di·

201 1798 348 1878 'oendum
371 1819 423 1876 est
445 1828 529 1890 opus
550 1813 760 1891 Francisci
783 1813 952 1888 Iosephi
973 1811 1102 1872 Monii
1136 1809 1281 1884 (Latet.

178 1979 181 1989 ,
206 1918 352 1980 uische
375 1919 555 2000 Hymnen
578 1915 647 2000 des
662 1914 929 1976 Mittelclters
945 1929 1006 1974 aus
1021 1897 1282 1976 Handschrift'eu

206 2019 486 2097 herausgegeben
502 2017 569 2078 und
586 2017 716 2078 erkltirt.
752 2017 867 2078 Erster
881 2017 983 2079 Band.
1006 2015 1125 2078 Lieder
1142 2034 1185 2078 an
1201 2015 1282 2078 Gott
1379 2097 1382 2100 Ι

208 2121 275 2184 und
298 2122 351 2182 die
374 2120 488 2196 Engel.
531 2119 694 2196 Freiburg
718 2111 808 2180 1853.
854 2119 993 2180 Zweiter
1013 2118 1116 2181 Baud.
1137 2119 1281 2180 Marien-

206 2216 431 2286 1111111854.
475 2222 600 2282 Dritter
621 2221 723 2282 Baud.
759 2220 1030 2297 Heiligenliedsr.
1069 2212 1173 2293 1855).
1216 2221 1279 2281 Hic

205 2327 264 2400 vir,
285 2325 400 2402 magni
417 2324 560 2384 nominis
583 2323 670 2384 inter
692 2339 750 2384 sos
774 2323 830 2400 qui
852 2323 1057 2398 investigant
1071 2322 1184 2385 literas
1200 2321 1279 2392 Ger-

205 2443 380 2491 manorum
395 2429 552 2499 vetustas,
568 2441 667 2501 opere
684 2439 759 2486 suo:
784 2425 935 2486 Latein
947 2425 1066 2484 ische
1083 2424 1164 2484 und
1181 2424 1280 2500 grie·

207 2529 383 2592 ehische
406 2527 592 2603 Messen,
616 2519 796 2600 18511111
820 2527 1066 2598 demonstravit,
1089 2543 1188 2604 quam
1211 2529 1280 2589 stu-

209 2633 302 2694 diose
326 2629 587 2690 ecclesiasticam
620 2645 752 2708 quoque
786 2629 1018 2706 antiquitatem
1052 2629 1279 2705 exploraverit.

206 2735 315 2796 Etiam
338 2732 597 2812 Hymuologiam
630 2732 762 2808 magnis
798 2732 993 2792 muneribus
1029 2731 1134 2792 ditare
1166 2729 1279 2792 uoluit.

207 2836 284 2896 Tria
299 2834 403 2895 Monii
418 2834 588 2894 volumina
603 2834 846 2910 amplectuntur
861 2826 943 2894 1215
957 2835 1118 2909 Hymnos,
1134 2831 1279 2910 Sequen-

205 2937 518 3013 tias,·Antiphonas‚
546 2936 680 3012 Tropos,
716 2951 800 3013 quae
822 2936 943 3011 partim
965 2936 1124 3012 publicae,
1157 2935 1278 3011 partim

205 3039 353 3116 privatae
370 3037 538 3100 devotioni
560 3037 789 3098 inservierunt.
825 3037 1006 3098 Multorum
1022 3038 1161 3098 aliorum
1183 3037 1279 3098 initia

207 3147 241 3202 et
262 3141 360 3202 sedes
384 3140 539 3202 exhibuit
599 3140 763 3216 Quoniam
786 3139 900 3200 Menio
922 3141 1128 3216 propositum
1153 3139 1216 3200 fuit
1238 3155 1278 3198 ea

205 3245 335 3304 tantum
359 3242 505 3304 carmina
526 3241 681 3318 recipere,
704 3242 839 3319 quaein
862 3242 972 3320 aliquo
996 3243 1107 3304 codice
1130 3257 1190 3304 ms.
1205 3243 1278 3318 ipse

205 3345 352 3421 legisset
389 3361 472 3420 opus
507 3345 579 3406 eius
615 3343 713 3404 certis
747 3343 869 3404 finibus
903 3344 1185 3420 circumscriptum
1207 3343 1278 3416 fuit,

205 3446 293 3511 unde
316 3447 432 3519 elucet
454 3446 544 3506 illius
566 3446 628 3506 viri
643 3459 726 3522 opus
749 3449 783 3506 et
795 3446 1003 3512 Thesaurum
1020 3447 1194 3509 decurrere
1217 3462 1277 3522 per

207 3563 341 3625 campos
365 3552 511 3624 exparte
534 3547 693 3622 diversos,
714 3548 900 3626 partimque
917 3548 1057 3610 alterum
1074 3548 1177 3608 altero
1201 3563 1277 3623 sup·

205 3650 297 3726 pleri.
339 3650 505 3718 Numerus
528 3650 678 3712 codicum
704 3667 765 3710 ms.
798 3649 1007 3721 Germaniae,
1038 3663 1122 3728 quos
1143 3649 1277 3710 Monius

206 3753 241 3814 in
263 3766 361 3814 usum
378 3767 475 3816 suum
488 3753 626 3826 vocavit
643 3751 870 3814 centenarium
885 3757 1035 3828 superat;
1058 3751 1286 3830 loquacem·

206 3854 319 3930 plures
342 3859 419 3914 sunt
442 3855 543 3916 etiam
565 3855 773 3916 saeculorum
789 3855 848 3927 lli,
860 3855 896 3914 X.
920 3858 953 3914 et
967 3855 1027 3928 xl„
1049 3869 1188 3940 quorum
1211 3853 1277 3912 exi-

206 3956 310 4016 mium
334 3961 385 4018 est
406 3957 557 4032 pretium.
602 3957 725 4034 ltaque,
750 3957 811 4018 etsi
841 3959 954 4032 aperte
976 3955 1096 4029 fateor,
1125 3972 1180 4016 me
1209 3971 1277 4016 non

205 4047 559 4134 semperconsentire
578 4075 653 4118 oum
686 4058 735 4118 eis
771 4059 953 4130 sententiis
988 4075 1072 4136 quae
1094 4057 1208 4118 Monio
1241 4057 1277 4118 in

207 4161 367 4235 scriptura
399 4161 550 4222 codicum
583 4160 802 4220 examinanda
836 4164 869 4220 et
908 4161 1041 4236 hymnis
1074 4157 1276 4236 explicandis

206 4262 372 4338 principes
389 4268 475 4334 sunt,
491 4280 531 4324 ea
547 4262 738 4322 diversitate
755 4278 821 4322 non
835 4265 1027 4322 attenuatur
1041 4267 1157 4339 gratus
1173 4259 1277 4320 animi

206 4365 274 4426 mei
296 4364 437 4427 effectus
461 4381 542 4441 erga
564 4364 732 4438 insignem
754 4363 874 4436 virum,
898 4364 951 4424 eui
972 4367 1041 4424 tam
1063 4364 1168 4424 multa
1189 4378 1278 4425 nova
