2724 5026
631 505 633 512 Α
721 405 787 481 148
833 485 839 492 ,

307 587 377 648 272.
403 575 489 664 [Spe
509 578 683 646 wercede
700 581 734 644 et
752 595 915 644 coronae.
957 586 1002 643 De
1024 585 1083 642 uno
1106 581 1281 660 Martyrel

245 745 270 802 1.
289 741 348 815 Spe
371 737 517 796 mercedis
541 744 571 795 et
594 755 721 796 coronae
775 740 804 798 4.
821 738 918 807 Caeci,
943 737 1051 805 claudi,
1075 735 1166 806 surdi,
1189 739 1260 796 muti

286 827 371 885 stetit
392 829 505 898 martyr
527 825 557 880 in
579 840 676 898 agone
820 829 890 882 sunt
912 822 951 882 ad
972 841 1060 880 usum
1080 824 1215 880 restituti

307 909 346 968 ad
367 915 493 967 mortem
515 907 667 976 obediens,
769 981 780 988 -
840 907 938 968 divine
961 909 1131 976 clementis;

230 1013 234 1017 ·
285 1001 381 1052 morte
404 994 555 1056 Christum
576 996 719 1062 imitatus,
820 1011 879 1052 non
901 999 950 1052 est
970 993 1101 1062 morbus,
1125 1007 1282 1068 quemuon

284 1081 345 1140 fide
365 1081 467 1136 firmus
483 1083 522 1135 etv
535 1081 669 1137 firmatus
1108 1082 1205 1146 curat,

225 1219 229 1228 ,
306 1167 390 1222 firmo
415 1182 522 1242 gressu
545 1163 692 1239 gradiens.
821 1163 891 1223 dum
905 1163 1076 1220 morbosum
1091 1182 1151 1220 non
1162 1161 1282 1220 obdurat

244 1286 264 1344 2
289 1285 373 1340 Furit
393 1283 476 1339 furor
497 1283 642 1350 militaris,
840 1248 927 1306 tarda
949 1247 1122 1307 (diffidentia.
1147 1255 1151 1259 Δ
1198 1306 1207 1312 ,
1254 1267 1259 1272 ’

285 1375 319 1426 ut
340 1369 394 1450 vir
408 1364 492 1424 sacer
515 1370 608 1424 sacris
631 1369 690 1424 aris

307 1455 475 1510 immoletur
492 1453 613 1521 hostia3

286 1531 374 1615 quern
397 1537 535 1594 occidunt
561 1539 738 1606 saevientes,

286 1621 478 1681 introducunt
500 1625 668 1692 nescientes

307 1709 347 1766 ad
369 1713 492 1765 aeterna
514 1707 632 1782 gaudia.

777 1418 805 1492 5.
822 1418 934 1475 Hostes
957 1418 1067 1499 Christi
1098 1418 1220 1476 Christo
1242 1434 1284 1475 ce·

1122 1503 1205 1572 dant,

820 1589 905 1664 signa
921 1590 1014 1662 signis
1031 1587 1101 1644 dum
1116 1587 1284 1655 succedant,

840 1679 1017 1749 argumenta
1038 1673 1117 1742 fidei,

795 1819 798 1830 ,
819 1775 891 1834 ergo
914 1763 1028 1832 martyr
1048 1761 1217 1828 invocetur,

147 1907 150 1916 ‚
243 1843 560 1916 adhaeremus
589 1844 712 1911 athleta,
820 1849 854 1900 ut
876 1861 931 1918 per
954 1861 1021 1900 eum
1043 1843 1129 1902 nobis
1154 1843 1243 1902 detur

284 1931 335 2007 qui
357 1929 457 1985 subire
480 1935 578 1985 mente
601 1930 682 1985 laeta
841 1927 881 1986 ad
903 1934 1025 1988 aeterna
1046 1929 1182 2003 provehi

307 2019 433 2071 mortem
454 2033 513 2070 non
535 2012 697 2080 abhorruit,

286 2105 319 2158 ut
342 2101 381 2156 sit
403 2099 485 2156 salus
510 2101 691 2156 infirmorum
764 2097 802 2167 [6.
819 2098 868 2156 Ad
890 2099 966 2156 coeli
988 2101 1131 2174 palatium
1198 2116 1206 2158 ,·

287 2190 317 2242 et
338 2183 454 2241 medela
476 2177 669 2258 peecatorum
698 2225 701 2244 .
819 2190 902 2241 tuum
924 2202 979 2242 nos
997 2185 1136 2242 solatium

307 2271 434 2344 gratiam
455 2271 626 2343 promeruit.
838 2270 962 2338 relevet,
986 2287 1003 2326 ο
1026 2267 1094 2344 pie]

308 2423 401 2479 Neale
425 2423 494 2497 Seq.
518 2442 546 2496 p.
570 2422 641 2481 220.
664 2439 680 2477 e
702 2422 818 2478 Missali
845 2421 965 2479 Ordinis
996 2422 1024 2480 S.
1047 2421 1207 2479 Benedicti
1229 2421 1287 2495 Spi-

222 2509 302 2565 rensi
328 2508 417 2566 1498.
442 2507 489 2575 (N)
532 2508 621 2564 Mone
636 2507 687 2564 111.
711 2526 739 2582 p.
759 2507 832 2564 153:
856 2507 909 2563 Hs.
933 2524 970 2564 au
993 2507 1021 2565 S.
1032 2507 1123 2564 Peter
1145 2509 1177 2564 iu
1192 2505 1287 2564 Karis-

222 2593 296 2648 ruhe
318 2593 373 2648 No.
401 2592 447 2650 iii.
475 2593 520 2650 ¹4.
547 2591 654 2648 Jahrh.
678 2592 731 2660 (M)
774 2593 803 2650 4.
826 2592 861 2648 N.
886 2598 1055 2650 curet-
1077 2591 1222 2651 aduret.
1262 2590 1286 2648 5.

222 2677 257 2736 N.
278 2676 707 2735 cedunt-suocedunt
753 2676 781 2734 6.
803 2677 838 2732 Ν.
863 2695 919 2736 om.
971 2697 975 2704 ·
1155 2717 1158 2721 ,

252 3008 259 3022 ι
308 2931 377 2991 273.
403 2921 460 2999 [lli
481 2919 607 2990 Sancti
629 2923 893 3010 woramtoda'e
909 2911 1134 2990 celebraretur
1150 2923 1290 3002 sollerte

221 3026 293 3074 nm.
336 3017 385 3072 De
407 3015 720 3112 confessoribus]

168 3211 170 3216 Ι
242 3338 276 3394 ‘b
306 3253 378 3407 ²l4
402 3243 491 3322 [Rea
513 3264 633 3328 requio
652 3245 751 3312 Deus
772 3249 895 3313 noster
911 3247 1063 3314 colende.
1091 3255 1135 3312 De
1159 3255 1286 3350 Docto·
1353 3239 1354 3248 ’

221 3358 250 3398 l'l
284 3357 332 3397 US.

244 3462 269 3517 l.
292 3459 355 3515 Rex
376 3475 490 3533 regum,
513 3459 594 3515 Deus
617 3465 720 3516 noster
743 3459 876 3528 colende,

241 3545 269 3602 2.
292 3543 337 3600 Tu
360 3543 523 3600 moderaris
546 3545 677 3600 militiam
701 3534 901 3613 christianam,
964 3589 969 3594 .

241 3630 269 3687 3.
292 3628 428 3685 Bellandi
451 3645 562 3704 gnaros
584 3629 717 3714 horribili
739 3631 853 3705 proelio
878 3629 1064 3698 destinando,
1105 3641 1108 3652 ·
1151 3619 1160 3634 ’

162 3781 168 3793 ,
225 3715 269 3795 ,4.
293 3714 439 3770 Consules
463 3716 542 3772 scios
564 3715 748 3787 reipublicae

154 3796 158 3801 ’
241 3800 269 3857 5.
292 3798 397 3854 Dando
421 3801 582 3874 magistros
605 3801 664 3855 tuis
687 3801 815 3874 populis.

159 3950 169 3972 Ι
241 3883 268 3942 6.
292 3883 354 3939 Nec
379 3885 457 3940 enim
479 3885 590 3940 falleris
613 3884 743 3960 eligendi
766 3887 895 3960 sapiens,

224 3969 269 4025 -7.
293 3967 389 4036 Quem
411 3971 459 4024 oui
482 3968 628 4043 subroges
650 3970 824 4039 ministerio,
846 3971 935 4027 Deus.

141 4077 144 4082 ¹
191 4081 196 4088 ·
239 4055 267 4112 8.
291 4051 334 4108 Ex
356 4052 465 4127 quibus
487 4059 644 4113 est'saeer
664 4057 722 4112 iste
744 4055 895 4122 sacerdos,

239 4139 268 4196 9.
291 4136 347 4206 Qui
369 4139 400 4194 in
421 4154 497 4211 pace
521 4137 635 4212 degens
658 4141 805 4197 ecclesiae
828 4145 951 4220 sanctae

220 4222 472 4282 indominatas
495 4228 550 4290 est,
574 4223 703 4297 qualiter
724 4225 821 4281 hostis
843 4227 1052 4298 inruptionem,

220 4309 266 4368 11.
290 4306 374 4379 Quae
398 4307 478 4365 solet
498 4309 635 4365 incautos
659 4309 843 4384 depopulari,
866 4311 1113 4392 praemonuisset.
