<?xml version="1.0" encoding="UTF-8"?>
<!DOCTYPE html PUBLIC "-//W3C//DTD XHTML 1.0 Transitional//EN"
    "http://www.w3.org/TR/xhtml1/DTD/xhtml1-transitional.dtd">
<html xmlns="http://www.w3.org/1999/xhtml" xml:lang="en" lang="en">
 <head>
  <title>
</title>
<meta http-equiv="Content-Type" content="text/html;charset=utf-8" />
  <meta name='ocr-system' content='tesseract 3.04.00' />
  <meta name='ocr-capabilities' content='ocr_page ocr_carea ocr_par ocr_line ocrx_word'/>
</head>
<body>
  <div class='ocr_page' id='page_1' title='image "./thesaurushymnol04danigoog/thesaurushymnol04danigoog_0251.png"; bbox 0 0 2728 5028; ppageno 0'>
   <div class='ocr_carea' id='block_1_1' title="bbox 460 0 969 3">
    <p class='ocr_par' dir='ltr' id='par_1_1' title="bbox 460 0 969 3">
     <span class='ocr_line' id='line_1_1' title="bbox 460 0 969 3; baseline 0 0"><span class='ocrx_word' id='word_1_1' title='bbox 460 0 969 3; x_wconf 95' lang='lat' dir='ltr'> </span> 
     </span>
    </p>
   </div>
   <div class='ocr_carea' id='block_1_2' title="bbox 10 636 1234 4471">
    <p class='ocr_par' dir='ltr' id='par_1_2' title="bbox 75 636 1155 1568">
     <span class='ocr_line' id='line_1_2' title="bbox 84 636 1138 714; baseline 0.001 -17"><span class='ocrx_word' id='word_1_2' title='bbox 84 655 139 697; x_wconf 85' lang='lat' dir='ltr'>cum</span> <span class='ocrx_word' id='word_1_3' title='bbox 157 637 329 695; x_wconf 86' lang='lat' dir='ltr'>Bernardus</span> <span class='ocrx_word' id='word_1_4' title='bbox 351 636 502 714; x_wconf 88' lang='lat' dir='ltr'>quondam</span> <span class='ocrx_word' id='word_1_5' title='bbox 524 637 746 697; x_wconf 77' lang='lat' dir='ltr'><strong>devotissimam</strong></span> <span class='ocrx_word' id='word_1_6' title='bbox 769 641 932 696; x_wconf 87' lang='lat' dir='ltr'>orationem</span> <span class='ocrx_word' id='word_1_7' title='bbox 955 643 1138 714; x_wconf 91' lang='lat' dir='ltr'>composuis-</span> 
     </span>
     <span class='ocr_line' id='line_1_3' title="bbox 83 723 1137 800; baseline 0 -18"><span class='ocrx_word' id='word_1_8' title='bbox 83 729 129 793; x_wconf 88' lang='lat' dir='ltr'>set,</span> <span class='ocrx_word' id='word_1_9' title='bbox 148 741 226 800; x_wconf 89' lang='lat' dir='ltr'>quae</span> <span class='ocrx_word' id='word_1_10' title='bbox 247 725 369 799; x_wconf 75' lang='lat' dir='ltr'>incipit:</span> <span class='ocrx_word' id='word_1_11' title='bbox 393 723 482 782; x_wconf 87' lang='lat' dir='ltr'>Salve</span> <span class='ocrx_word' id='word_1_12' title='bbox 504 723 605 782; x_wconf 87' lang='lat' dir='ltr'>mundi</span> <span class='ocrx_word' id='word_1_13' title='bbox 628 725 769 793; x_wconf 87' lang='lat' dir='ltr'>salutare,</span> <span class='ocrx_word' id='word_1_14' title='bbox 804 730 834 781; x_wconf 88' lang='lat' dir='ltr'>et</span> <span class='ocrx_word' id='word_1_15' title='bbox 856 741 922 782; x_wconf 89' lang='lat' dir='ltr'>eam</span> <span class='ocrx_word' id='word_1_16' title='bbox 944 739 1045 781; x_wconf 90' lang='lat' dir='ltr'>coram</span> <span class='ocrx_word' id='word_1_17' title='bbox 1066 728 1137 782; x_wconf 87' lang='lat' dir='ltr'>ima-</span> 
     </span>
     <span class='ocr_line' id='line_1_4' title="bbox 80 810 1137 887; baseline 0.001 -20"><span class='ocrx_word' id='word_1_18' title='bbox 80 811 138 886; x_wconf 84' lang='lat' dir='ltr'>gine</span> <span class='ocrx_word' id='word_1_19' title='bbox 158 810 297 867; x_wconf 83' lang='lat' dir='ltr'>Crucifixi</span> <span class='ocrx_word' id='word_1_20' title='bbox 317 811 469 878; x_wconf 81' lang='lat' dir='ltr'>recitaret,</span> <span class='ocrx_word' id='word_1_21' title='bbox 491 813 590 887; x_wconf 89' lang='lat' dir='ltr'>imago</span> <span class='ocrx_word' id='word_1_22' title='bbox 610 810 747 868; x_wconf 83' lang='lat' dir='ltr'>Crucifixi</span> <span class='ocrx_word' id='word_1_23' title='bbox 770 811 876 867; x_wconf 90' lang='lat' dir='ltr'>solutis</span> <span class='ocrx_word' id='word_1_24' title='bbox 899 810 936 867; x_wconf 91' lang='lat' dir='ltr'>de</span> <span class='ocrx_word' id='word_1_25' title='bbox 959 827 1048 868; x_wconf 91' lang='lat' dir='ltr'>cruce</span> <span class='ocrx_word' id='word_1_26' title='bbox 1069 812 1137 868; x_wconf 89' lang='lat' dir='ltr'>bra·</span> 
     </span>
     <span class='ocr_line' id='line_1_5' title="bbox 81 886 1136 972; baseline 0.001 -20"><span class='ocrx_word' id='word_1_27' title='bbox 81 896 143 952; x_wconf 92' lang='lat' dir='ltr'>chiis</span> <span class='ocrx_word' id='word_1_28' title='bbox 163 895 384 972; x_wconf 79' lang='lat' dir='ltr'><strong>amplexaretur</strong></span> <span class='ocrx_word' id='word_1_29' title='bbox 407 912 481 953; x_wconf 86' lang='lat' dir='ltr'>eum.</span> <span class='ocrx_word' id='word_1_30' title='bbox 524 897 661 971; x_wconf 88' lang='lat' dir='ltr'>Denique</span> <span class='ocrx_word' id='word_1_31' title='bbox 690 886 816 971; x_wconf 81' lang='lat' dir='ltr'>gallicae</span> <span class='ocrx_word' id='word_1_32' title='bbox 839 897 944 952; x_wconf 89' lang='lat' dir='ltr'>harum</span> <span class='ocrx_word' id='word_1_33' title='bbox 967 888 1136 953; x_wconf 82' lang='lat' dir='ltr'>cautionum</span> 
     </span>
     <span class='ocr_line' id='line_1_6' title="bbox 81 979 1135 1056; baseline 0.002 -20"><span class='ocrx_word' id='word_1_34' title='bbox 81 982 188 1056; x_wconf 83' lang='lat' dir='ltr'>originis</span> <span class='ocrx_word' id='word_1_35' title='bbox 205 982 407 1037; x_wconf 87' lang='lat' dir='ltr'>testimoninm</span> <span class='ocrx_word' id='word_1_36' title='bbox 421 981 540 1038; x_wconf 90' lang='lat' dir='ltr'>Monius</span> <span class='ocrx_word' id='word_1_37' title='bbox 561 984 591 1038; x_wconf 94' lang='lat' dir='ltr'>in</span> <span class='ocrx_word' id='word_1_38' title='bbox 608 981 840 1038; x_wconf 81' lang='lat' dir='ltr'>consonantibus</span> <span class='ocrx_word' id='word_1_39' title='bbox 862 979 1035 1038; x_wconf 85' lang='lat' dir='ltr'>reconde:</span> <span class='ocrx_word' id='word_1_40' title='bbox 1058 999 1135 1056; x_wconf 83' lang='lat' dir='ltr'>per-</span> 
     </span>
     <span class='ocr_line' id='line_1_7' title="bbox 79 1063 1135 1142; baseline 0.003 -21"><span class='ocrx_word' id='word_1_41' title='bbox 79 1064 174 1122; x_wconf 80' lang='lat' dir='ltr'>funde</span> <span class='ocrx_word' id='word_1_42' title='bbox 197 1064 329 1132; x_wconf 83' lang='lat' dir='ltr'>(AdLat.</span> <span class='ocrx_word' id='word_1_43' title='bbox 345 1063 456 1132; x_wconf 68' lang='lat' dir='ltr'>lma)</span> <span class='ocrx_word' id='word_1_44' title='bbox 471 1066 554 1124; x_wconf 87' lang='lat' dir='ltr'>vidit.</span> <span class='ocrx_word' id='word_1_45' title='bbox 590 1067 696 1142; x_wconf 87' lang='lat' dir='ltr'>Neque</span> <span class='ocrx_word' id='word_1_46' title='bbox 712 1071 814 1126; x_wconf 86' lang='lat' dir='ltr'>tamen</span> <span class='ocrx_word' id='word_1_47' title='bbox 827 1067 945 1124; x_wconf 88' lang='lat' dir='ltr'>diversa</span> <span class='ocrx_word' id='word_1_48' title='bbox 960 1065 997 1123; x_wconf 93' lang='lat' dir='ltr'>de</span> <span class='ocrx_word' id='word_1_49' title='bbox 1012 1072 1135 1124; x_wconf 88' lang='lat' dir='ltr'>auctore</span> 
     </span>
     <span class='ocr_line' id='line_1_8' title="bbox 78 1150 1136 1226; baseline 0.002 -20"><span class='ocrx_word' id='word_1_50' title='bbox 78 1153 234 1207; x_wconf 88' lang='lat' dir='ltr'>testimonia</span> <span class='ocrx_word' id='word_1_51' title='bbox 256 1150 375 1208; x_wconf 89' lang='lat' dir='ltr'>desunt.</span> <span class='ocrx_word' id='word_1_52' title='bbox 420 1151 521 1208; x_wconf 85' lang='lat' dir='ltr'>Codex</span> <span class='ocrx_word' id='word_1_53' title='bbox 551 1166 630 1210; x_wconf 91' lang='lat' dir='ltr'>saec.</span> <span class='ocrx_word' id='word_1_54' title='bbox 655 1153 716 1210; x_wconf 91' lang='lat' dir='ltr'>XV.</span> <span class='ocrx_word' id='word_1_55' title='bbox 739 1151 940 1209; x_wconf 82' lang='lat' dir='ltr'>bibliothecae</span> <span class='ocrx_word' id='word_1_56' title='bbox 970 1169 1047 1226; x_wconf 90' lang='lat' dir='ltr'>quae</span> <span class='ocrx_word' id='word_1_57' title='bbox 1080 1153 1136 1208; x_wconf 82' lang='lat' dir='ltr'>luit</span> 
     </span>
     <span class='ocr_line' id='line_1_9' title="bbox 77 1229 1155 1304; baseline -0.001 -11"><span class='ocrx_word' id='word_1_58' title='bbox 77 1235 231 1304; x_wconf 81' lang='lat' dir='ltr'>Amorbaci,</span> <span class='ocrx_word' id='word_1_59' title='bbox 249 1237 371 1293; x_wconf 83' lang='lat' dir='ltr'>carmini</span> <span class='ocrx_word' id='word_1_60' title='bbox 386 1235 537 1294; x_wconf 67' lang='lat' dir='ltr'>inscribit}</span> <span class='ocrx_word' id='word_1_61' title='bbox 567 1238 761 1294; x_wconf 87' lang='lat' dir='ltr'>Orationes</span> <span class='ocrx_word' id='word_1_62' title='bbox 783 1238 1070 1294; x_wconf 89' lang='lat' dir='ltr'>Bonaventurae</span> <span class='ocrx_word' id='word_1_63' title='bbox 1093 1229 1155 1293; x_wconf 64' lang='lat' dir='ltr'>ad&#39;</span> 
     </span>
     <span class='ocr_line' id='line_1_10' title="bbox 79 1320 1137 1397; baseline 0 -19"><span class='ocrx_word' id='word_1_64' title='bbox 79 1320 299 1378; x_wconf 83' lang='lat' dir='ltr'>salutandum</span> <span class='ocrx_word' id='word_1_65' title='bbox 322 1323 482 1397; x_wconf 91' lang='lat' dir='ltr'>quinque</span> <span class='ocrx_word' id='word_1_66' title='bbox 504 1323 657 1381; x_wconf 84' lang='lat' dir='ltr'>vulnera</span> <span class='ocrx_word' id='word_1_67' title='bbox 673 1323 820 1380; x_wconf 87' lang='lat' dir='ltr'>Christi.</span> <span class='ocrx_word' id='word_1_68' title='bbox 857 1323 962 1397; x_wconf 88' lang='lat' dir='ltr'>Neque</span> <span class='ocrx_word' id='word_1_69' title='bbox 978 1324 1137 1397; x_wconf 89' lang='lat' dir='ltr'>quisquam</span> 
     </span>
     <span class='ocr_line' id='line_1_11' title="bbox 76 1407 1136 1484; baseline 0.002 -22"><span class='ocrx_word' id='word_1_70' title='bbox 76 1407 194 1482; x_wconf 81' lang='lat' dir='ltr'>negabit,</span> <span class='ocrx_word' id='word_1_71' title='bbox 217 1407 296 1463; x_wconf 87' lang='lat' dir='ltr'>hune</span> <span class='ocrx_word' id='word_1_72' title='bbox 320 1425 440 1484; x_wconf 91' lang='lat' dir='ltr'>quoque</span> <span class='ocrx_word' id='word_1_73' title='bbox 462 1410 639 1483; x_wconf 88' lang='lat' dir='ltr'>inspiratum</span> <span class='ocrx_word' id='word_1_74' title='bbox 663 1410 760 1466; x_wconf 87' lang='lat' dir='ltr'>crucis</span> <span class='ocrx_word' id='word_1_75' title='bbox 780 1411 883 1466; x_wconf 83' lang='lat' dir='ltr'>’vatem</span> <span class='ocrx_word' id='word_1_76' title='bbox 906 1423 957 1464; x_wconf 91' lang='lat' dir='ltr'>eas</span> <span class='ocrx_word' id='word_1_77' title='bbox 982 1408 1136 1464; x_wconf 85' lang='lat' dir='ltr'>salutatio·</span> 
     </span>
     <span class='ocr_line' id='line_1_12' title="bbox 75 1493 586 1568; baseline 0 -20"><span class='ocrx_word' id='word_1_78' title='bbox 75 1509 120 1549; x_wconf 88' lang='lat' dir='ltr'>nes</span> <span class='ocrx_word' id='word_1_79' title='bbox 139 1494 289 1566; x_wconf 83' lang='lat' dir='ltr'>passionis</span> <span class='ocrx_word' id='word_1_80' title='bbox 312 1493 428 1562; x_wconf 43' lang='lat' dir='ltr'>canere,</span> <span class='ocrx_word' id='word_1_81' title='bbox 442 1496 586 1568; x_wconf 88' lang='lat' dir='ltr'>potuisse.</span> 
     </span>
    </p>

    <p class='ocr_par' dir='ltr' id='par_1_3' title="bbox 69 1577 1234 2745">
     <span class='ocr_line' id='line_1_13' title="bbox 145 1577 1136 1654; baseline 0.003 -21"><span class='ocrx_word' id='word_1_82' title='bbox 145 1577 213 1634; x_wconf 83' lang='lat' dir='ltr'>&#39;Hoc</span> <span class='ocrx_word' id='word_1_83' title='bbox 242 1595 362 1653; x_wconf 87' lang='lat' dir='ltr'>quoque</span> <span class='ocrx_word' id='word_1_84' title='bbox 389 1595 509 1636; x_wconf 83' lang='lat' dir='ltr'>cannen</span> <span class='ocrx_word' id='word_1_85' title='bbox 538 1579 657 1637; x_wconf 87' lang='lat' dir='ltr'>Munius</span> <span class='ocrx_word' id='word_1_86' title='bbox 686 1581 736 1653; x_wconf 88' lang='lat' dir='ltr'>pia</span> <span class='ocrx_word' id='word_1_87' title='bbox 765 1577 920 1654; x_wconf 82' lang='lat' dir='ltr'>diligentia</span> <span class='ocrx_word' id='word_1_88' title='bbox 948 1579 1076 1635; x_wconf 89' lang='lat' dir='ltr'>recoluit</span> <span class='ocrx_word' id='word_1_89' title='bbox 1105 1585 1136 1636; x_wconf 84' lang='lat' dir='ltr'>et</span> 
     </span>
     <span class='ocr_line' id='line_1_14' title="bbox 75 1662 1133 1738; baseline 0 -18"><span class='ocrx_word' id='word_1_90' title='bbox 75 1664 186 1720; x_wconf 89' lang='lat' dir='ltr'>criticen</span> <span class='ocrx_word' id='word_1_91' title='bbox 209 1665 273 1720; x_wconf 88' lang='lat' dir='ltr'>eius</span> <span class='ocrx_word' id='word_1_92' title='bbox 300 1665 402 1738; x_wconf 88' lang='lat' dir='ltr'>primis</span> <span class='ocrx_word' id='word_1_93' title='bbox 435 1663 639 1722; x_wconf 83' lang='lat' dir='ltr'>fundamentis</span> <span class='ocrx_word' id='word_1_94' title='bbox 666 1664 807 1721; x_wconf 83' lang='lat' dir='ltr'>solidavit</span> <span class='ocrx_word' id='word_1_95' title='bbox 837 1664 869 1732; x_wconf 88' lang='grc' dir='ltr'>(Ι.</span> <span class='ocrx_word' id='word_1_96' title='bbox 891 1682 920 1736; x_wconf 92' lang='lat' dir='ltr'>p.</span> <span class='ocrx_word' id='word_1_97' title='bbox 948 1662 1133 1730; x_wconf 76' lang='lat' dir='ltr'>loa-174).</span> 
     </span>
     <span class='ocr_line' id='line_1_15' title="bbox 75 1736 1163 1824; baseline 0.001 -19"><span class='ocrx_word' id='word_1_98' title='bbox 75 1747 191 1805; x_wconf 91' lang='lat' dir='ltr'>Codices</span> <span class='ocrx_word' id='word_1_99' title='bbox 215 1750 335 1805; x_wconf 90' lang='lat' dir='ltr'>saeculo</span> <span class='ocrx_word' id='word_1_100' title='bbox 358 1749 434 1806; x_wconf 81' lang='lat' dir='ltr'>XIV.</span> <span class='ocrx_word' id='word_1_101' title='bbox 457 1736 640 1824; x_wconf 72' lang='lat' dir='ltr'>antiquiofes</span> <span class='ocrx_word' id='word_1_102' title='bbox 656 1752 789 1823; x_wconf 88' lang='lat' dir='ltr'>reperire</span> <span class='ocrx_word' id='word_1_103' title='bbox 812 1751 839 1805; x_wconf 91' lang='lat' dir='ltr'>ei</span> <span class='ocrx_word' id='word_1_104' title='bbox 861 1767 920 1804; x_wconf 89' lang='lat' dir='ltr'>non</span> <span class='ocrx_word' id='word_1_105' title='bbox 937 1751 1076 1824; x_wconf 82' lang='lat' dir='ltr'>contigit3</span> <span class='ocrx_word' id='word_1_106' title='bbox 1101 1767 1163 1822; x_wconf 48' lang='lat' dir='ltr'>ex,</span> 
     </span>
     <span class='ocr_line' id='line_1_16' title="bbox 75 1833 1137 1909; baseline 0.001 -20"><span class='ocrx_word' id='word_1_107' title='bbox 75 1851 145 1890; x_wconf 80' lang='lat' dir='ltr'>saec:</span> <span class='ocrx_word' id='word_1_108' title='bbox 161 1833 237 1891; x_wconf 85' lang='lat' dir='ltr'>XIV.</span> <span class='ocrx_word' id='word_1_109' title='bbox 260 1838 291 1891; x_wconf 89' lang='lat' dir='ltr'>et</span> <span class='ocrx_word' id='word_1_110' title='bbox 310 1834 372 1892; x_wconf 88' lang='lat' dir='ltr'>XV.</span> <span class='ocrx_word' id='word_1_111' title='bbox 394 1841 558 1909; x_wconf 76' lang='lat' dir='ltr'>apparatus</span> <span class='ocrx_word' id='word_1_112' title='bbox 581 1834 741 1892; x_wconf 86' lang='lat' dir='ltr'>admodum</span> <span class='ocrx_word' id='word_1_113' title='bbox 763 1836 903 1908; x_wconf 90' lang='lat' dir='ltr'>copiosus</span> <span class='ocrx_word' id='word_1_114' title='bbox 927 1840 982 1890; x_wconf 90' lang='lat' dir='ltr'>est.</span> <span class='ocrx_word' id='word_1_115' title='bbox 1027 1836 1137 1892; x_wconf 89' lang='lat' dir='ltr'>Verum</span> 
     </span>
     <span class='ocr_line' id='line_1_17' title="bbox 74 1918 1136 1996; baseline 0.002 -21"><span class='ocrx_word' id='word_1_116' title='bbox 74 1935 104 1975; x_wconf 83' lang='lat' dir='ltr'>ex</span> <span class='ocrx_word' id='word_1_117' title='bbox 122 1921 196 1992; x_wconf 88' lang='lat' dir='ltr'>ipsis</span> <span class='ocrx_word' id='word_1_118' title='bbox 217 1919 310 1976; x_wconf 88' lang='lat' dir='ltr'>Monii</span> <span class='ocrx_word' id='word_1_119' title='bbox 334 1918 590 1996; x_wconf 87' lang='lat' dir='ltr'>disquisitionibus</span> <span class='ocrx_word' id='word_1_120' title='bbox 614 1923 707 1978; x_wconf 91' lang='lat' dir='ltr'>oritur</span> <span class='ocrx_word' id='word_1_121' title='bbox 735 1921 909 1994; x_wconf 86' lang='lat' dir='ltr'>persuasi0,</span> <span class='ocrx_word' id='word_1_122' title='bbox 941 1920 1136 1978; x_wconf 89' lang='lat' dir='ltr'>salutationes</span> 
     </span>
     <span class='ocr_line' id='line_1_18' title="bbox 71 2004 1144 2078; baseline 0.002 -18"><span class='ocrx_word' id='word_1_123' title='bbox 71 2005 220 2078; x_wconf 88' lang='lat' dir='ltr'>passionis,</span> <span class='ocrx_word' id='word_1_124' title='bbox 245 2009 279 2062; x_wconf 90' lang='lat' dir='ltr'>ut</span> <span class='ocrx_word' id='word_1_125' title='bbox 300 2005 390 2062; x_wconf 89' lang='lat' dir='ltr'>Iesu</span> <span class='ocrx_word' id='word_1_126' title='bbox 413 2004 535 2062; x_wconf 87' lang='lat' dir='ltr'>dulcis</span> <span class='ocrx_word' id='word_1_127' title='bbox 557 2023 665 2074; x_wconf 87' lang='lat' dir='ltr'>mem,</span> <span class='ocrx_word' id='word_1_128' title='bbox 689 2022 707 2060; x_wconf 88' lang='lat' dir='ltr'>a</span> <span class='ocrx_word' id='word_1_129' title='bbox 730 2004 939 2070; x_wconf 87' lang='lat' dir='ltr'>diversissimis</span> <span class='ocrx_word' id='word_1_130' title='bbox 961 2007 1059 2077; x_wconf 90' lang='lat' dir='ltr'>poetis</span> <span class='ocrx_word' id='word_1_131' title='bbox 1089 2023 1144 2062; x_wconf 71' lang='lat' dir='ltr'>re·¹</span> 
     </span>
     <span class='ocr_line' id='line_1_19' title="bbox 72 2089 1137 2166; baseline 0.002 -20"><span class='ocrx_word' id='word_1_132' title='bbox 72 2093 209 2146; x_wconf 88' lang='lat' dir='ltr'>tractatas</span> <span class='ocrx_word' id='word_1_133' title='bbox 232 2091 489 2166; x_wconf 87' lang='lat' dir='ltr'>amplificatasque</span> <span class='ocrx_word' id='word_1_134' title='bbox 513 2108 606 2148; x_wconf 74' lang='lat' dir='ltr'>esse..</span> <span class='ocrx_word' id='word_1_135' title='bbox 626 2092 702 2147; x_wconf 91' lang='lat' dir='ltr'>Hinc</span> <span class='ocrx_word' id='word_1_136' title='bbox 725 2094 809 2146; x_wconf 87' lang='lat' dir='ltr'>tanta</span> <span class='ocrx_word' id='word_1_137' title='bbox 831 2091 907 2146; x_wconf 90' lang='lat' dir='ltr'>inter</span> <span class='ocrx_word' id='word_1_138' title='bbox 930 2089 1064 2148; x_wconf 85' lang='lat' dir='ltr'>diversos</span> <span class='ocrx_word' id='word_1_139' title='bbox 1087 2108 1137 2148; x_wconf 90' lang='lat' dir='ltr'>co·</span> 
     </span>
     <span class='ocr_line' id='line_1_20' title="bbox 71 2173 1136 2251; baseline 0.001 -20"><span class='ocrx_word' id='word_1_140' title='bbox 71 2173 147 2232; x_wconf 85' lang='lat' dir='ltr'>dices</span> <span class='ocrx_word' id='word_1_141' title='bbox 170 2174 382 2250; x_wconf 86' lang='lat' dir='ltr'>discrepantia,</span> <span class='ocrx_word' id='word_1_142' title='bbox 404 2176 474 2232; x_wconf 89' lang='lat' dir='ltr'>hinc</span> <span class='ocrx_word' id='word_1_143' title='bbox 497 2178 527 2232; x_wconf 93' lang='lat' dir='ltr'>in</span> <span class='ocrx_word' id='word_1_144' title='bbox 551 2175 732 2251; x_wconf 89' lang='lat' dir='ltr'>quibusdam</span> <span class='ocrx_word' id='word_1_145' title='bbox 753 2181 837 2232; x_wconf 84' lang='lat' dir='ltr'>tanta</span> <span class='ocrx_word' id='word_1_146' title='bbox 859 2193 1002 2232; x_wconf 88' lang='lat' dir='ltr'>novarum</span> <span class='ocrx_word' id='word_1_147' title='bbox 1026 2175 1136 2232; x_wconf 90' lang='lat' dir='ltr'>saluta·</span> 
     </span>
     <span class='ocr_line' id='line_1_21' title="bbox 71 2259 1136 2336; baseline 0.002 -20"><span class='ocrx_word' id='word_1_148' title='bbox 71 2261 176 2316; x_wconf 78' lang='lat' dir='ltr'>tonum</span> <span class='ocrx_word' id='word_1_149' title='bbox 197 2261 329 2328; x_wconf 87' lang='lat' dir='ltr'>ubertas,</span> <span class='ocrx_word' id='word_1_150' title='bbox 354 2263 517 2336; x_wconf 83' lang='lat' dir='ltr'>singularia</span> <span class='ocrx_word' id='word_1_151' title='bbox 532 2263 681 2336; x_wconf 89' lang='lat' dir='ltr'>passionis</span> <span class='ocrx_word' id='word_1_152' title='bbox 698 2265 847 2318; x_wconf 88' lang='lat' dir='ltr'>momenta</span> <span class='ocrx_word' id='word_1_153' title='bbox 862 2262 1068 2316; x_wconf 86' lang='lat' dir='ltr'>tractantium:</span> <span class='ocrx_word' id='word_1_154' title='bbox 1093 2259 1136 2318; x_wconf 90' lang='lat' dir='ltr'>ad</span> 
     </span>
     <span class='ocr_line' id='line_1_22' title="bbox 70 2345 1219 2420; baseline 0 -18"><span class='ocrx_word' id='word_1_155' title='bbox 70 2345 381 2420; x_wconf 80' lang='lat' dir='ltr'>flagellationem,</span> <span class='ocrx_word' id='word_1_156' title='bbox 420 2346 464 2403; x_wconf 88' lang='lat' dir='ltr'>ad</span> <span class='ocrx_word' id='word_1_157' title='bbox 485 2347 671 2414; x_wconf 90' lang='lat' dir='ltr'>humeros,</span> <span class='ocrx_word' id='word_1_158' title='bbox 706 2346 750 2404; x_wconf 90' lang='lat' dir='ltr'>ad</span> <span class='ocrx_word' id='word_1_159' title='bbox 774 2364 827 2414; x_wconf 92' lang='lat' dir='ltr'>os,</span> <span class='ocrx_word' id='word_1_160' title='bbox 865 2345 1051 2414; x_wconf 89' lang='lat' dir='ltr'>adaures,</span> <span class='ocrx_word' id='word_1_161' title='bbox 1089 2345 1136 2402; x_wconf 92' lang='lat' dir='ltr'>ad</span> <span class='ocrx_word' id='word_1_162' title='bbox 1215 2348 1219 2358; x_wconf 53' lang='lat'>⁸</span> 
     </span>
     <span class='ocr_line' id='line_1_23' title="bbox 71 2431 1234 2506; baseline 0.002 -20"><span class='ocrx_word' id='word_1_163' title='bbox 71 2433 351 2501; x_wconf 86' lang='lat' dir='ltr'>coronationem,</span> <span class='ocrx_word' id='word_1_164' title='bbox 383 2431 427 2488; x_wconf 91' lang='lat' dir='ltr'>ad</span> <span class='ocrx_word' id='word_1_165' title='bbox 457 2437 571 2488; x_wconf 90' lang='lat' dir='ltr'>totum</span> <span class='ocrx_word' id='word_1_166' title='bbox 600 2449 745 2506; x_wconf 90' lang='lat' dir='ltr'>corpus.</span> <span class='ocrx_word' id='word_1_167' title='bbox 797 2431 866 2488; x_wconf 90' lang='lat' dir='ltr'>Iure</span> <span class='ocrx_word' id='word_1_168' title='bbox 895 2433 986 2506; x_wconf 88' lang='lat' dir='ltr'>igitur</span> <span class='ocrx_word' id='word_1_169' title='bbox 1015 2431 1134 2488; x_wconf 92' lang='lat' dir='ltr'>Monius</span> <span class='ocrx_word' id='word_1_170' title='bbox 1232 2438 1234 2442; x_wconf 72' lang='lat'>‘</span> 
     </span>
     <span class='ocr_line' id='line_1_24' title="bbox 71 2515 1182 2602; baseline 0.003 -31"><span class='ocrx_word' id='word_1_171' title='bbox 71 2517 220 2585; x_wconf 84' lang='lat' dir='ltr'>existimat,</span> <span class='ocrx_word' id='word_1_172' title='bbox 243 2519 273 2602; x_wconf 77' lang='lat' dir='ltr'>in</span> <span class='ocrx_word' id='word_1_173' title='bbox 296 2517 481 2574; x_wconf 88' lang='lat' dir='ltr'>restituendo</span> <span class='ocrx_word' id='word_1_174' title='bbox 505 2517 534 2574; x_wconf 87' lang='lat' dir='ltr'>S.</span> <span class='ocrx_word' id='word_1_175' title='bbox 558 2517 703 2574; x_wconf 89' lang='lat' dir='ltr'>Bernardi</span> <span class='ocrx_word' id='word_1_176' title='bbox 725 2523 808 2574; x_wconf 84' lang='lat' dir='ltr'>textu</span> <span class='ocrx_word' id='word_1_177' title='bbox 832 2534 947 2572; x_wconf 91' lang='lat' dir='ltr'>omnem</span> <span class='ocrx_word' id='word_1_178' title='bbox 977 2535 1061 2592; x_wconf 91' lang='lat' dir='ltr'>spem</span> <span class='ocrx_word' id='word_1_179' title='bbox 1082 2535 1136 2591; x_wconf 93' lang='lat' dir='ltr'>po·</span> <span class='ocrx_word' id='word_1_180' title='bbox 1179 2515 1182 2522; x_wconf 83' lang='lat'>&#39;</span> 
     </span>
     <span class='ocr_line' id='line_1_25' title="bbox 70 2601 1135 2678; baseline 0 -20"><span class='ocrx_word' id='word_1_181' title='bbox 70 2601 189 2658; x_wconf 85' lang='lat' dir='ltr'>nondam</span> <span class='ocrx_word' id='word_1_182' title='bbox 212 2619 281 2658; x_wconf 89' lang='lat' dir='ltr'>esse</span> <span class='ocrx_word' id='word_1_183' title='bbox 304 2603 333 2660; x_wconf 90' lang='lat' dir='ltr'>in</span> <span class='ocrx_word' id='word_1_184' title='bbox 357 2601 492 2659; x_wconf 89' lang='lat' dir='ltr'>codicum</span> <span class='ocrx_word' id='word_1_185' title='bbox 514 2603 641 2678; x_wconf 80' lang='lat' dir='ltr'>gallicae</span> <span class='ocrx_word' id='word_1_186' title='bbox 671 2605 794 2678; x_wconf 87' lang='lat' dir='ltr'>originis</span> <span class='ocrx_word' id='word_1_187' title='bbox 822 2604 1000 2660; x_wconf 89' lang='lat' dir='ltr'>auctoritate</span> <span class='ocrx_word' id='word_1_188' title='bbox 1030 2605 1055 2658; x_wconf 89' lang='lat' dir='ltr'>si</span> <span class='ocrx_word' id='word_1_189' title='bbox 1085 2604 1135 2677; x_wconf 89' lang='lat' dir='ltr'>qui</span> 
     </span>
     <span class='ocr_line' id='line_1_26' title="bbox 69 2687 682 2745; baseline -0.003 -1"><span class='ocrx_word' id='word_1_190' title='bbox 69 2687 192 2744; x_wconf 84' lang='lat' dir='ltr'>virorum</span> <span class='ocrx_word' id='word_1_191' title='bbox 214 2687 370 2744; x_wconf 89' lang='lat' dir='ltr'>doctorum</span> <span class='ocrx_word' id='word_1_192' title='bbox 394 2705 465 2744; x_wconf 91' lang='lat' dir='ltr'>cura</span> <span class='ocrx_word' id='word_1_193' title='bbox 487 2689 682 2745; x_wconf 90' lang='lat' dir='ltr'>inveniantur.</span> 
     </span>
    </p>

    <p class='ocr_par' dir='ltr' id='par_1_4' title="bbox 10 2769 1164 4382">
     <span class='ocr_line' id='line_1_27' title="bbox 147 2769 1135 2848; baseline 0 -19"><span class='ocrx_word' id='word_1_194' title='bbox 147 2774 267 2830; x_wconf 88' lang='lat' dir='ltr'>Munius</span> <span class='ocrx_word' id='word_1_195' title='bbox 283 2779 413 2848; x_wconf 90' lang='lat' dir='ltr'>quatuor</span> <span class='ocrx_word' id='word_1_196' title='bbox 436 2773 632 2830; x_wconf 88' lang='lat' dir='ltr'>salutationes</span> <span class='ocrx_word' id='word_1_197' title='bbox 645 2773 770 2846; x_wconf 90' lang='lat' dir='ltr'>recepit,</span> <span class='ocrx_word' id='word_1_198' title='bbox 794 2770 832 2828; x_wconf 90' lang='lat' dir='ltr'>ad</span> <span class='ocrx_word' id='word_1_199' title='bbox 847 2769 951 2846; x_wconf 88' lang='lat' dir='ltr'>pedes,</span> <span class='ocrx_word' id='word_1_200' title='bbox 975 2771 1013 2828; x_wconf 87' lang='lat' dir='ltr'>ad</span> <span class='ocrx_word' id='word_1_201' title='bbox 1028 2789 1135 2846; x_wconf 87' lang='lat' dir='ltr'>genua,</span> 
     </span>
     <span class='ocr_line' id='line_1_28' title="bbox 71 2855 1137 2933; baseline 0.001 -20"><span class='ocrx_word' id='word_1_202' title='bbox 71 2855 106 2912; x_wconf 84' lang='lat' dir='ltr'>ad</span> <span class='ocrx_word' id='word_1_203' title='bbox 126 2876 246 2926; x_wconf 89' lang='lat' dir='ltr'>manus,</span> <span class='ocrx_word' id='word_1_204' title='bbox 279 2858 317 2914; x_wconf 89' lang='lat' dir='ltr'>ad</span> <span class='ocrx_word' id='word_1_205' title='bbox 344 2859 439 2928; x_wconf 87' lang='lat' dir='ltr'>latus,</span> <span class='ocrx_word' id='word_1_206' title='bbox 469 2860 582 2933; x_wconf 85' lang='lat' dir='ltr'>pariter</span> <span class='ocrx_word' id='word_1_207' title='bbox 611 2876 645 2914; x_wconf 86' lang='lat' dir='ltr'>ex</span> <span class='ocrx_word' id='word_1_208' title='bbox 669 2859 886 2933; x_wconf 83' lang='lat' dir='ltr'>quinquagenis</span> <span class='ocrx_word' id='word_1_209' title='bbox 909 2857 1044 2930; x_wconf 82' lang='lat' dir='ltr'>versibus</span> <span class='ocrx_word' id='word_1_210' title='bbox 1068 2875 1137 2914; x_wconf 91' lang='lat' dir='ltr'>con·</span> 
     </span>
     <span class='ocr_line' id='line_1_29' title="bbox 71 2947 1099 3007; baseline -0.003 -9"><span class='ocrx_word' id='word_1_211' title='bbox 71 2947 187 3000; x_wconf 86' lang='lat' dir='ltr'>stantes.</span> <span class='ocrx_word' id='word_1_212' title='bbox 671 2999 676 3007; x_wconf 75' lang='grc'><strong><em>,</em></strong></span> <span class='ocrx_word' id='word_1_213' title='bbox 1097 2985 1099 2995; x_wconf 83' lang='grc'>.</span> 
     </span>
     <span class='ocr_line' id='line_1_30' title="bbox 147 3027 1137 3104; baseline -0.002 -18"><span class='ocrx_word' id='word_1_214' title='bbox 147 3029 221 3086; x_wconf 87' lang='lat' dir='ltr'>Mihi</span> <span class='ocrx_word' id='word_1_215' title='bbox 243 3029 399 3104; x_wconf 83' lang='lat' dir='ltr'>probabile</span> <span class='ocrx_word' id='word_1_216' title='bbox 421 3027 553 3097; x_wconf 87' lang='lat' dir='ltr'>videtur,</span> <span class='ocrx_word' id='word_1_217' title='bbox 578 3029 817 3104; x_wconf 86' lang='lat' dir='ltr'>antiquissimum</span> <span class='ocrx_word' id='word_1_218' title='bbox 847 3033 959 3085; x_wconf 89' lang='lat' dir='ltr'>textum</span> <span class='ocrx_word' id='word_1_219' title='bbox 990 3045 1058 3085; x_wconf 88' lang='lat' dir='ltr'>esse</span> <span class='ocrx_word' id='word_1_220' title='bbox 1088 3045 1137 3084; x_wconf 93' lang='lat' dir='ltr'>co-</span> 
     </span>
     <span class='ocr_line' id='line_1_31' title="bbox 70 3111 1137 3188; baseline 0 -18"><span class='ocrx_word' id='word_1_221' title='bbox 70 3111 139 3170; x_wconf 86' lang='lat' dir='ltr'>dicis</span> <span class='ocrx_word' id='word_1_222' title='bbox 162 3116 296 3172; x_wconf 91' lang='lat' dir='ltr'>aMonio</span> <span class='ocrx_word' id='word_1_223' title='bbox 319 3116 448 3188; x_wconf 87' lang='lat' dir='ltr'>inspecti</span> <span class='ocrx_word' id='word_1_224' title='bbox 462 3113 747 3182; x_wconf 89' lang='lat' dir='ltr'>Lichtenthalensis,</span> <span class='ocrx_word' id='word_1_225' title='bbox 772 3131 850 3170; x_wconf 89' lang='lat' dir='ltr'>saec.</span> <span class='ocrx_word' id='word_1_226' title='bbox 868 3114 939 3181; x_wconf 87' lang='lat' dir='ltr'>XV„</span> <span class='ocrx_word' id='word_1_227' title='bbox 964 3131 1055 3188; x_wconf 92' lang='lat' dir='ltr'>quum</span> <span class='ocrx_word' id='word_1_228' title='bbox 1077 3132 1137 3170; x_wconf 91' lang='lat' dir='ltr'>non</span> 
     </span>
     <span class='ocr_line' id='line_1_32' title="bbox 70 3198 1137 3274; baseline 0.003 -21"><span class='ocrx_word' id='word_1_229' title='bbox 70 3199 104 3254; x_wconf 86' lang='lat' dir='ltr'>sit</span> <span class='ocrx_word' id='word_1_230' title='bbox 114 3198 317 3268; x_wconf 88' lang='lat' dir='ltr'>dubitandum,</span> <span class='ocrx_word' id='word_1_231' title='bbox 334 3202 405 3274; x_wconf 91' lang='lat' dir='ltr'>quin</span> <span class='ocrx_word' id='word_1_232' title='bbox 421 3199 699 3258; x_wconf 89' lang='lat' dir='ltr'>aCistcrciensibus</span> <span class='ocrx_word' id='word_1_233' title='bbox 715 3200 868 3257; x_wconf 90' lang='lat' dir='ltr'>monachis</span> <span class='ocrx_word' id='word_1_234' title='bbox 882 3199 1137 3256; x_wconf 89' lang='lat' dir='ltr'>carmenacondi·</span> 
     </span>
     <span class='ocr_line' id='line_1_33' title="bbox 68 3283 1164 3359; baseline 0.002 -21"><span class='ocrx_word' id='word_1_235' title='bbox 68 3288 129 3342; x_wconf 88' lang='lat' dir='ltr'>tore</span> <span class='ocrx_word' id='word_1_236' title='bbox 145 3283 199 3342; x_wconf 79' lang='lat' dir='ltr'>¹sui</span> <span class='ocrx_word' id='word_1_237' title='bbox 222 3284 333 3343; x_wconf 89' lang='lat' dir='ltr'>ordinis</span> <span class='ocrx_word' id='word_1_238' title='bbox 351 3288 548 3359; x_wconf 89' lang='lat' dir='ltr'>compositum</span> <span class='ocrx_word' id='word_1_239' title='bbox 572 3303 686 3342; x_wconf 88' lang='lat' dir='ltr'>summa</span> <span class='ocrx_word' id='word_1_240' title='bbox 709 3303 775 3342; x_wconf 90' lang='lat' dir='ltr'>cum</span> <span class='ocrx_word' id='word_1_241' title='bbox 791 3285 1064 3343; x_wconf 83' lang='lat' dir='ltr'>reverentiafuerit</span> <span class='ocrx_word' id='word_1_242' title='bbox 1086 3284 1164 3340; x_wconf 88' lang='lat' dir='ltr'>ob-·</span> 
     </span>
     <span class='ocr_line' id='line_1_34' title="bbox 71 3368 1137 3428; baseline 0.002 -4"><span class='ocrx_word' id='word_1_243' title='bbox 71 3375 227 3427; x_wconf 83' lang='lat' dir='ltr'>servatum.</span> <span class='ocrx_word' id='word_1_244' title='bbox 273 3369 306 3427; x_wconf 91' lang='lat' dir='ltr'>In</span> <span class='ocrx_word' id='word_1_245' title='bbox 328 3371 385 3427; x_wconf 93' lang='lat' dir='ltr'>hoc</span> <span class='ocrx_word' id='word_1_246' title='bbox 410 3370 512 3427; x_wconf 87' lang='lat' dir='ltr'>codice</span> <span class='ocrx_word' id='word_1_247' title='bbox 536 3371 592 3427; x_wconf 95' lang='lat' dir='ltr'>soli</span> <span class='ocrx_word' id='word_1_248' title='bbox 613 3373 714 3427; x_wconf 91' lang='lat' dir='ltr'>insunt</span> <span class='ocrx_word' id='word_1_249' title='bbox 737 3377 858 3428; x_wconf 90' lang='lat' dir='ltr'>cantus:</span> <span class='ocrx_word' id='word_1_250' title='bbox 883 3371 994 3427; x_wconf 86' lang='lat' dir='ltr'>Salve</span> <span class='ocrx_word' id='word_1_251' title='bbox 1015 3368 1137 3426; x_wconf 91' lang='lat' dir='ltr'>mundi</span> 
     </span>
     <span class='ocr_line' id='line_1_35' title="bbox 69 3454 1138 3524; baseline 0.002 -16"><span class='ocrx_word' id='word_1_252' title='bbox 69 3455 229 3512; x_wconf 88' lang='lat' dir='ltr'>salutare</span> <span class='ocrx_word' id='word_1_253' title='bbox 253 3461 284 3512; x_wconf 90' lang='lat' dir='ltr'>et</span> <span class='ocrx_word' id='word_1_254' title='bbox 307 3455 432 3524; x_wconf 86' lang='lat' dir='ltr'>Salve,</span> <span class='ocrx_word' id='word_1_255' title='bbox 456 3456 555 3514; x_wconf 89' lang='lat' dir='ltr'>salve</span> <span class='ocrx_word' id='word_1_256' title='bbox 577 3473 639 3512; x_wconf 91' lang='lat' dir='ltr'>rex</span> <span class='ocrx_word' id='word_1_257' title='bbox 663 3461 885 3522; x_wconf 88' lang='lat' dir='ltr'>sanctorum,</span> <span class='ocrx_word' id='word_1_258' title='bbox 915 3454 969 3510; x_wconf 92' lang='lat' dir='ltr'>sub</span> <span class='ocrx_word' id='word_1_259' title='bbox 992 3455 1078 3510; x_wconf 92' lang='lat' dir='ltr'>titulo</span> <span class='ocrx_word' id='word_1_260' title='bbox 1102 3473 1138 3511; x_wconf 87' lang='lat' dir='ltr'>ex</span> 
     </span>
     <span class='ocr_line' id='line_1_36' title="bbox 59 3539 1137 3617; baseline 0.003 -24"><span class='ocrx_word' id='word_1_261' title='bbox 59 3555 130 3596; x_wconf 88' lang='lat' dir='ltr'>mea</span> <span class='ocrx_word' id='word_1_262' title='bbox 153 3541 412 3617; x_wconf 83' lang='lat' dir='ltr'>sententiaplane</span> <span class='ocrx_word' id='word_1_263' title='bbox 438 3559 526 3599; x_wconf 88' lang='lat' dir='ltr'>vero:</span> <span class='ocrx_word' id='word_1_264' title='bbox 563 3539 741 3598; x_wconf 88' lang='lat' dir='ltr'>Planctus</span> <span class='ocrx_word' id='word_1_265' title='bbox 779 3557 889 3614; x_wconf 91' lang='lat' dir='ltr'>super</span> <span class='ocrx_word' id='word_1_266' title='bbox 925 3541 1137 3614; x_wconf 87' lang='lat' dir='ltr'>passionem</span> 
     </span>
     <span class='ocr_line' id='line_1_37' title="bbox 36 3623 1137 3707; baseline 0.001 -28"><span class='ocrx_word' id='word_1_267' title='bbox 36 3641 39 3651; x_wconf 72' lang='lat'>¹</span> <span class='ocrx_word' id='word_1_268' title='bbox 67 3623 210 3684; x_wconf 88' lang='lat' dir='ltr'>Domini.</span> <span class='ocrx_word' id='word_1_269' title='bbox 255 3626 431 3702; x_wconf 85' lang='lat' dir='ltr'>Quicunque</span> <span class='ocrx_word' id='word_1_270' title='bbox 455 3631 569 3683; x_wconf 89' lang='lat' dir='ltr'>attente</span> <span class='ocrx_word' id='word_1_271' title='bbox 591 3628 674 3700; x_wconf 87' lang='lat' dir='ltr'>leget</span> <span class='ocrx_word' id='word_1_272' title='bbox 692 3629 822 3707; x_wconf 91' lang='lat' dir='ltr'>primum</span> <span class='ocrx_word' id='word_1_273' title='bbox 845 3642 980 3694; x_wconf 90' lang='lat' dir='ltr'>carmen,</span> <span class='ocrx_word' id='word_1_274' title='bbox 1003 3643 1062 3680; x_wconf 92' lang='lat' dir='ltr'>nou</span> <span class='ocrx_word' id='word_1_275' title='bbox 1084 3643 1137 3699; x_wconf 94' lang='lat' dir='ltr'>po-</span> 
     </span>
     <span class='ocr_line' id='line_1_38' title="bbox 66 3711 1138 3786; baseline 0.001 -21"><span class='ocrx_word' id='word_1_276' title='bbox 66 3711 134 3767; x_wconf 87' lang='lat' dir='ltr'>terit</span> <span class='ocrx_word' id='word_1_277' title='bbox 156 3730 215 3768; x_wconf 91' lang='lat' dir='ltr'>non</span> <span class='ocrx_word' id='word_1_278' title='bbox 237 3711 351 3779; x_wconf 85' lang='lat' dir='ltr'>videre,</span> <span class='ocrx_word' id='word_1_279' title='bbox 374 3712 406 3768; x_wconf 91' lang='lat' dir='ltr'>id</span> <span class='ocrx_word' id='word_1_280' title='bbox 428 3715 600 3770; x_wconf 83' lang='lat' dir='ltr'>universam</span> <span class='ocrx_word' id='word_1_281' title='bbox 621 3713 749 3786; x_wconf 87' lang='lat' dir='ltr'>figuram</span> <span class='ocrx_word' id='word_1_282' title='bbox 771 3713 914 3785; x_wconf 89' lang='lat' dir='ltr'>patientis</span> <span class='ocrx_word' id='word_1_283' title='bbox 938 3711 1047 3766; x_wconf 83' lang='lat' dir='ltr'>Christi</span> <span class='ocrx_word' id='word_1_284' title='bbox 1071 3729 1138 3784; x_wconf 89' lang='lat' dir='ltr'>spe-</span> 
     </span>
     <span class='ocr_line' id='line_1_39' title="bbox 66 3796 1139 3872; baseline 0.002 -22"><span class='ocrx_word' id='word_1_285' title='bbox 66 3799 157 3864; x_wconf 85' lang='lat' dir='ltr'>ctare,</span> <span class='ocrx_word' id='word_1_286' title='bbox 181 3814 216 3854; x_wconf 91' lang='lat' dir='ltr'>ac</span> <span class='ocrx_word' id='word_1_287' title='bbox 239 3796 277 3854; x_wconf 91' lang='lat' dir='ltr'>de</span> <span class='ocrx_word' id='word_1_288' title='bbox 299 3797 427 3871; x_wconf 89' lang='lat' dir='ltr'>pedibus</span> <span class='ocrx_word' id='word_1_289' title='bbox 450 3815 516 3854; x_wconf 90' lang='lat' dir='ltr'>eam</span> <span class='ocrx_word' id='word_1_290' title='bbox 537 3802 653 3854; x_wconf 88' lang='lat' dir='ltr'>tantum</span> <span class='ocrx_word' id='word_1_291' title='bbox 668 3797 706 3854; x_wconf 91' lang='lat' dir='ltr'>ob</span> <span class='ocrx_word' id='word_1_292' title='bbox 723 3799 844 3854; x_wconf 88' lang='lat' dir='ltr'>causam</span> <span class='ocrx_word' id='word_1_293' title='bbox 861 3796 1042 3872; x_wconf 83' lang='lat' dir='ltr'>singularem</span> <span class='ocrx_word' id='word_1_294' title='bbox 1058 3813 1139 3852; x_wconf 89' lang='lat' dir='ltr'>men·</span> 
     </span>
     <span class='ocr_line' id='line_1_40' title="bbox 66 3879 1139 3958; baseline 0.003 -23"><span class='ocrx_word' id='word_1_295' title='bbox 66 3879 176 3954; x_wconf 83' lang='lat' dir='ltr'>tionem</span> <span class='ocrx_word' id='word_1_296' title='bbox 197 3884 271 3950; x_wconf 86' lang='lat' dir='ltr'>lieri,</span> <span class='ocrx_word' id='word_1_297' title='bbox 296 3881 376 3957; x_wconf 93' lang='lat' dir='ltr'>quod</span> <span class='ocrx_word' id='word_1_298' title='bbox 398 3888 490 3957; x_wconf 91' lang='lat' dir='ltr'>poeta</span> <span class='ocrx_word' id='word_1_299' title='bbox 513 3899 545 3939; x_wconf 90' lang='lat' dir='ltr'>se</span> <span class='ocrx_word' id='word_1_300' title='bbox 567 3884 639 3939; x_wconf 84' lang='lat' dir='ltr'>facit</span> <span class='ocrx_word' id='word_1_301' title='bbox 662 3882 811 3938; x_wconf 88' lang='lat' dir='ltr'>adimam</span> <span class='ocrx_word' id='word_1_302' title='bbox 839 3899 958 3940; x_wconf 88' lang='lat' dir='ltr'>crucem</span> <span class='ocrx_word' id='word_1_303' title='bbox 986 3883 1016 3938; x_wconf 92' lang='lat' dir='ltr'>in</span> <span class='ocrx_word' id='word_1_304' title='bbox 1039 3899 1139 3958; x_wconf 88' lang='lat' dir='ltr'>genua</span> 
     </span>
     <span class='ocr_line' id='line_1_41' title="bbox 64 3966 1138 4044; baseline 0.002 -23"><span class='ocrx_word' id='word_1_305' title='bbox 64 3971 249 4038; x_wconf 79' lang='lat' dir='ltr'>prostratum</span> <span class='ocrx_word' id='word_1_306' title='bbox 270 3967 426 4044; x_wconf 89' lang='lat' dir='ltr'>pedesque</span> <span class='ocrx_word' id='word_1_307' title='bbox 450 3969 608 4026; x_wconf 88' lang='lat' dir='ltr'>salvatoris</span> <span class='ocrx_word' id='word_1_308' title='bbox 639 3968 877 4042; x_wconf 88' lang='lat' dir='ltr'>amplectentem.</span> <span class='ocrx_word' id='word_1_309' title='bbox 922 3967 1032 4041; x_wconf 85' lang='lat' dir='ltr'>Atque,</span> <span class='ocrx_word' id='word_1_310' title='bbox 1057 3966 1138 4042; x_wconf 92' lang='lat' dir='ltr'>quod</span> 
     </span>
     <span class='ocr_line' id='line_1_42' title="bbox 65 4049 1138 4127; baseline 0.005 -22"><span class='ocrx_word' id='word_1_311' title='bbox 65 4049 103 4106; x_wconf 90' lang='lat' dir='ltr'>ad</span> <span class='ocrx_word' id='word_1_312' title='bbox 125 4069 225 4127; x_wconf 86' lang='lat' dir='ltr'>genua</span> <span class='ocrx_word' id='word_1_313' title='bbox 248 4055 364 4120; x_wconf 89' lang='lat' dir='ltr'>attinet,</span> <span class='ocrx_word' id='word_1_314' title='bbox 388 4055 464 4110; x_wconf 91' lang='lat' dir='ltr'>haec</span> <span class='ocrx_word' id='word_1_315' title='bbox 486 4055 515 4110; x_wconf 91' lang='lat' dir='ltr'>iu</span> <span class='ocrx_word' id='word_1_316' title='bbox 539 4053 671 4111; x_wconf 88' lang='lat' dir='ltr'>secundo</span> <span class='ocrx_word' id='word_1_317' title='bbox 702 4056 832 4110; x_wconf 88' lang='lat' dir='ltr'>carmine</span> <span class='ocrx_word' id='word_1_318' title='bbox 862 4052 1015 4110; x_wconf 88' lang='lat' dir='ltr'>dumtaxat</span> <span class='ocrx_word' id='word_1_319' title='bbox 1045 4053 1138 4110; x_wconf 88' lang='lat' dir='ltr'>semel</span> 
     </span>
     <span class='ocr_line' id='line_1_43' title="bbox 10 4136 1138 4214; baseline 0.004 -24"><span class='ocrx_word' id='word_1_320' title='bbox 10 4137 11 4140; x_wconf 74' lang='grc'>’</span> <span class='ocrx_word' id='word_1_321' title='bbox 65 4139 95 4190; x_wconf 89' lang='lat' dir='ltr'>et</span> <span class='ocrx_word' id='word_1_322' title='bbox 117 4137 215 4195; x_wconf 90' lang='lat' dir='ltr'>obiter</span> <span class='ocrx_word' id='word_1_323' title='bbox 237 4139 426 4214; x_wconf 86' lang='lat' dir='ltr'>attinguntur</span> <span class='ocrx_word' id='word_1_324' title='bbox 448 4139 485 4206; x_wconf 81' lang='lat' dir='ltr'>(v.</span> <span class='ocrx_word' id='word_1_325' title='bbox 510 4136 556 4206; x_wconf 81' lang='lat'>5);</span> <span class='ocrx_word' id='word_1_326' title='bbox 586 4143 682 4195; x_wconf 86' lang='lat' dir='ltr'>totum</span> <span class='ocrx_word' id='word_1_327' title='bbox 715 4157 832 4196; x_wconf 87' lang='lat' dir='ltr'>carmen</span> <span class='ocrx_word' id='word_1_328' title='bbox 862 4139 951 4213; x_wconf 90' lang='lat' dir='ltr'>plane</span> <span class='ocrx_word' id='word_1_329' title='bbox 974 4140 1053 4194; x_wconf 90' lang='lat' dir='ltr'>circa</span> <span class='ocrx_word' id='word_1_330' title='bbox 1074 4140 1138 4194; x_wconf 89' lang='lat' dir='ltr'>uni·</span> 
     </span>
     <span class='ocr_line' id='line_1_44' title="bbox 64 4223 1141 4300; baseline 0.003 -24"><span class='ocrx_word' id='word_1_331' title='bbox 64 4237 184 4280; x_wconf 85' lang='lat' dir='ltr'>versam</span> <span class='ocrx_word' id='word_1_332' title='bbox 205 4226 377 4300; x_wconf 88' lang='lat' dir='ltr'>passionem</span> <span class='ocrx_word' id='word_1_333' title='bbox 399 4229 544 4281; x_wconf 83' lang='lat' dir='ltr'>versatur.</span> <span class='ocrx_word' id='word_1_334' title='bbox 581 4223 656 4290; x_wconf 66' lang='lat' dir='ltr'>&#39;l&#39;ale¹</span> <span class='ocrx_word' id='word_1_335' title='bbox 677 4223 784 4298; x_wconf 81' lang='lat' dir='ltr'>poema</span> <span class='ocrx_word' id='word_1_336' title='bbox 807 4225 869 4280; x_wconf 89' lang='lat' dir='ltr'>aS.</span> <span class='ocrx_word' id='word_1_337' title='bbox 885 4223 1037 4284; x_wconf 85' lang='lat' dir='ltr'>Bernardo</span> <span class='ocrx_word' id='word_1_338' title='bbox 1061 4241 1141 4280; x_wconf 88' lang='lat' dir='ltr'>com·</span> 
     </span>
     <span class='ocr_line' id='line_1_45' title="bbox 62 4309 963 4382; baseline 0.001 -20"><span class='ocrx_word' id='word_1_339' title='bbox 62 4309 196 4378; x_wconf 89' lang='lat' dir='ltr'>positum</span> <span class='ocrx_word' id='word_1_340' title='bbox 219 4314 284 4380; x_wconf 90' lang='lat' dir='ltr'>est;</span> <span class='ocrx_word' id='word_1_341' title='bbox 308 4309 505 4366; x_wconf 89' lang='lat' dir='ltr'>membrorum</span> <span class='ocrx_word' id='word_1_342' title='bbox 527 4309 605 4366; x_wconf 85' lang='lat' dir='ltr'>tituli</span> <span class='ocrx_word' id='word_1_343' title='bbox 627 4309 774 4382; x_wconf 83' lang='lat' dir='ltr'>inferioris</span> <span class='ocrx_word' id='word_1_344' title='bbox 798 4316 867 4368; x_wconf 90' lang='lat' dir='ltr'>sunt</span> <span class='ocrx_word' id='word_1_345' title='bbox 889 4311 963 4368; x_wconf 83' lang='lat' dir='ltr'>aevi.</span> 
     </span>
    </p>

    <p class='ocr_par' dir='ltr' id='par_1_5' title="bbox 149 4392 1220 4471">
     <span class='ocr_line' id='line_1_46' title="bbox 149 4392 1220 4471; baseline -0.003 -20"><span class='ocrx_word' id='word_1_346' title='bbox 149 4395 187 4452; x_wconf 86' lang='lat' dir='ltr'>Et</span> <span class='ocrx_word' id='word_1_347' title='bbox 209 4397 266 4452; x_wconf 91' lang='lat' dir='ltr'>orti</span> <span class='ocrx_word' id='word_1_348' title='bbox 290 4411 359 4452; x_wconf 89' lang='lat' dir='ltr'>esse</span> <span class='ocrx_word' id='word_1_349' title='bbox 380 4396 452 4453; x_wconf 91' lang='lat' dir='ltr'>mihi</span> <span class='ocrx_word' id='word_1_350' title='bbox 474 4393 611 4454; x_wconf 83' lang='lat' dir='ltr'>videntur</span> <span class='ocrx_word' id='word_1_351' title='bbox 634 4412 669 4451; x_wconf 89' lang='lat' dir='ltr'>eo</span> <span class='ocrx_word' id='word_1_352' title='bbox 693 4400 844 4471; x_wconf 87' lang='lat' dir='ltr'>tempore,</span> <span class='ocrx_word' id='word_1_353' title='bbox 868 4412 934 4452; x_wconf 91' lang='lat' dir='ltr'>cum</span> <span class='ocrx_word' id='word_1_354' title='bbox 957 4392 1076 4450; x_wconf 77' lang='lat' dir='ltr'>devotio</span> <span class='ocrx_word' id='word_1_355' title='bbox 1100 4392 1139 4448; x_wconf 88' lang='lat' dir='ltr'>ad</span> <span class='ocrx_word' id='word_1_356' title='bbox 1217 4451 1220 4455; x_wconf 75' lang='grc'>,</span> 
     </span>
    </p>
   </div>
   <div class='ocr_carea' id='block_1_3' title="bbox 0 0 1368 5028">
    <p class='ocr_par' dir='ltr' id='par_1_6' title="bbox 0 0 1368 5028">
     <span class='ocr_line' id='line_1_47' title="bbox 0 0 1368 5028; baseline 0 5"><span class='ocrx_word' id='word_1_357' title='bbox 0 0 1368 5028; x_wconf 95' lang='lat' dir='ltr'> </span> 
     </span>
    </p>
   </div>
  </div>
 </body>
</html>
