2732 5026
592 355 611 479 ᾗ
711 369 776 444 ns

374 558 412 617 ro
436 556 567 614 servans
590 553 713 613 muriae
737 531 837 610 casus
860 563 1008 626 supernae
1048 611 1050 616 ,

436 639 606 716 praedones
629 638 759 706 cohibet,
783 636 955 698 daemones*
968 642 1060 706 arcet,

439 725 562 816 adstans
586 726 701 800 exiguis
725 737 817 780 causa
839 723 955 782 salutis.

438 846 550 903 Rerum
573 860 686 901 summe
708 843 800 910 Deus,
824 841 949 900 vernula
970 839 1049 899 fidus

440 937 517 988 ate
533 930 697 1006 promeruit
718 928 806 996 filius,
829 933 863 984 ut
886 930 924 984 sit
963 957 965 964 ,

378 1017 415 1078 15
438 1022 537 1074 terrae
559 1031 614 1093 pro
638 1019 746 1090 gentes
769 1013 899 1072 coelicus
922 1013 1040 1072 haeres.
1081 1041 1083 1048 >

439 1135 564 1193 Virtutis
587 1127 704 1192 validae
728 1138 761 1189 tu
780 1129 905 1188 Nicolad

439 1224 595 1296 promptos
619 1220 740 1276 servitio
764 1235 883 1292 semper
906 1217 942 1274 ab
966 1217 1026 1274 alto

440 1325 496 1363 nos
520 1304 631 1362 orando
647 1305 721 1363 ,fove
744 1309 832 1362 nocte
855 1303 975 1380 dieque.

371 1483 373 1487 .
442 1427 530 1484 Laus.
544 1426 596 1484 uni
618 1424 743 1504 Domino
766 1424 884 1502 nomine
906 1424 994 1490 trino,

378 1511 565 1578 20laudent
586 1510 666 1566 hunc
689 1507 778 1564 hodie
801 1508 921 1565 condita
944 1523 1091 1584 quaeque,

446 1597 640 1678 decantemus
662 1611 729 1650 cum
751 1610 829 1650 nunc
852 1595 934 1650 etin
956 1608 1071 1652 aerum.

304 1735 394 1792 Mons
416 1719 605 1808 111.‘p.453.
631 1729 749 1790 ecodd.
773 1747 852 1788 saec.
876 1730 1060 1790 xv.-11.
1083 1691 1278 1788 daemonas.
1305 1761 1308 1768 .
1350 1731 1351 1738 ’

222 1821 268 1878 13.
291 1839 308 1878 o
330 1838 394 1882 rex
417 1837 549 1878 summe
572 1820 677 1876 Deus.
726 1815 776 1900 lb?
797 1817 1151 1894 terraeuprogenies.

310 2007 315 2082 ζ
377 2011 749 2098 sanctemonialem
772 2015 855 2078 tuae
877 2009 1035 2096 subveni.
1078 1963 1138 2080 ll*

643 2113 688 2168 De
711 2111 739 2167 S.
763 2112 868 2166 Blasio.

444 2245 555 2302 Sancte
576 2242 660 2304 Blssi
681 2243 763 2317 plebi
785 2248 855 2300 tuae
878 2241 1002 2301 subveni

444 2335 475 2387 et
496 2348 552 2388 nos
575 2330 613 2386 ab
635 2330 723 2386 hoste
747 2327 934 2388 defendendo
960 2331 1087 2403 protege

409 2449 419 2457 -
445 2418 548 2490 sicque
572 2413 682 2474 devote
703 2414 882 2473 famulantes
904 2414 1000 2480 effice,
1075 2425 1079 2438 ⁸

444 2507 479 2560 ut
494 2501 553 2580 ‚tibi
575 2506 711 2560 nostrum
732 2501 853 2574 placeat
875 2499 1059 2574 obsequium.

381 2622 419 2683 ,5
442 2621 693 2678 Iuvanutantem
716 2618 849 2676 ordinem
869 2619 1094 2686 monasticum,¹

445 2723 587 2764 succurre
609 2706 744 2789 cleroet
766 2707 897 2784 gementi
917 2703 1029 2779 populo
1094 2731 1102 2740 ι

445 2797 476 2849 et
497 2793 648 2866 principes
672 2791 747 2848 doce
771 2793 857 2866 sequi
878 2791 1031 2856 iustitiam,

446 2882 477 2934 et
500 2877 586 2934 simul
608 2881 703 2933 totam
725 2881 863 2934 sustenta
891 2875 1057 2951 ecclesiam.
1082 2867 1086 2876 '

446 2996 491 3054 Sit
513 2996 649 3052 Trinitati
673 2997 854 3074 sempiterna
876 2995 992 3070 gloria,-

383 3080 421 3139 10
443 3081 546 3149 honor,
570 3086 716 3155 potestas,
741 3087 831 3156 atque
853 3081 986 3138 iubilatio
1026 3097 1042 3156 ᾗ
1083 3097 1086 3102 ·
1136 3147 1142 3157 Ι

446 3168 476 3222 in
498 3167 612 3222 unitate
636 3169 683 3223 cui
705 3172 806 3224 manet
827 3167 983 3240 imperium

445 3255 476 3307 et
497 3256 567 3308 tunc
591 3256 622 3308 et
642 3251 730 3309 modo
752 3268 808 3327 per
829 3257 952 3310 aeterna
968 3251 1097 3310 saecula.

304 3385 346 3443 At
366 3388 443 3444 hanc
467 3387 686 3445 cantiunculam
714 3389 863 3462 primitivo
894 3389 1016 3446 consilio
1047 3387 1086 3445 ad
1109 3388 1137 3445 S.
1160 3387 1283 3444 Blasium

219 3474 378 3546 pertinere,
402 3472 521 3530 difficile
545 3479 592 3530 est
621 3473 659 3530 ad
678 3473 871 3531 credendum.
914 3475 1057 3549 Exposcit
1084 3475 1172 3548 primi
1199 3471 1283 3530 versi·

221 3558 279 3614 culi
307 3557 423 3616 indoles
453 3577 560 3615 nomen
591 3559 693 3618 Sancti
722 3559 928 3634 trysallabum.
987 3559 1081 3618 Porro
1112 3559 1185 3616 nihil
1211 3559 1309 3614 inest¹

220 3645 341 3700 carmini
364 3644 445 3718 quod
466 3647 599 3718 proximo
631 3662 722 3702 sensu
751 3650 870 3720 spectet
894 3646 948 3725 ,vel
976 3643 1016 3702 ad
1039 3645 1068 3702 S.
1091 3644 1222 3702 Blasium
1240 3639 1283 3699 uel

115 3724 120 3730 ⁸
220 3728 258 3784 ad
281 3729 444 3803 quemlibet
473 3731 563 3789 alium
593 3731 744 3788 Sanctum.
794 3731 834 3790 Ut
862 3731 934 3790 mihi
961 3729 1080 3790 videtur
1109 3735 1157 3787 est
1186 3733 1282 3786 cantus

220 3816 383 3871 communis
407 3815 443 3872 de
468 3815 604 3892 quolibet
624 3822 729 3872 sancto
756 3822 900 3892 patrono3
930 3815 1096 3874 invocando
1119 3817 1149 3872 in
1172 3811 1281 3872 exordio

218 3901 339 3973 proprio
363 3903 488 3958 nomine.
526 3901 634 3977 Itaque
658 3901 747 3958 hodie
770 3903 895 3978 insignis
917 3903 1091 3959 monasterii
1103 3899 1282 3958 Rhenovien·

125 4001 132 4008 ·
220 3986 261 4041 sis
283 3986 391 4042 fratres
415 3992 551 4042 sanctum
574 4005 660 4043 suum
682 3993 841 4062 patronum
860 3987 1017 4051 Fintanum
1038 3988 1139 4046 votivo
1162 3985 1281 4044 carmine

220 4069 381 4139 celebrant,
405 4071 487 4147 quod
508 4077 631 4145 praeter
654 4072 806 4130 exordium

445 4191 554 4248 Sancte
577 4191 701 4250 Fintane
723 4193 804 4268 plebi
826 4197 897 4250 tuae
921 4191 1045 4254 subveni

218 4308 257 4366 ad
279 4308 403 4370 verbum
427 4313 579 4386 conspirat
602 4321 670 4372 cum
692 4330 783 4389 supra
805 4314 927 4390 scripto.
