2772 5024
343 606 447 664 Crucis
471 607 588 682 signum
609 606 710 662 vincat
732 619 819 660 omne
841 602 1004 660 inimicum:

281 693 323 752 20
346 691 399 760 Te,
423 691 552 760 Christe,
575 707 726 766 rogemus,
749 715 792 728 -
814 703 900 744 mane
922 688 1085 746 nobiscum.

309 869 312 876 ,
345 811 448 869 Gloria
470 815 501 868 et
522 809 627 877 honor,
650 813 790 884 potestas
814 813 845 865 et
866 809 971 876 virtus,

345 897 481 972 Ingenito
504 897 577 962 Dec,
602 894 770 970 Genitoquc
794 894 923 960 Christo,

346 982 518 1056 Spirituque
541 981 628 1038 simul
650 979 808 1037 Parecleto
832 979 955 1045 Sancto;

347 1067 438 1126 Cuius
461 1067 552 1125 verbo
576 1065 690 1123 clarent
713 1066 816 1122 secula
839 1068 955 1122 cuncta.

523 1292 581 1361 Ad
607 1291 887 1382 eompreronum.
930 1291 981 1358 M.

655 1397 739 1449 Thes.
756 1395 778 1448 Ι.
796 1396 854 1450 25⁷.

283 1509 336 1568 Sol
358 1509 532 1583 angelorum
554 1510 682 1584 respice,
818 1507 988 1584 Frugalitas
1012 1511 1044 1563 tu
1067 1523 1219 1572 sensuum,

283 1594 379 1666 Quem
394 1595 579 1668 concupiscit
594 1596 736 1650 mentium
820 1593 917 1660 Sator,
942 1593 1033 1659 salus,
1055 1591 1189 1659 resectio,

284 1681 403 1738 Intenta
425 1681 491 1736 visu
514 1681 639 1737 castitas
758 1678 795 1738 15
817 1679 912 1736 Pctus
935 1677 1094 1753 cibusque,
1118 1677 1270 1752 gaudium,

284 1767 408 1823 Sursum
423 1769 593 1822 manentem
609 1781 739 1822 cernere.
819 1765 884 1822 Lux
899 1770 990 1838 atque
1006 1765 1101 1820 virtus
1118 1761 1263 1820 cordium.

241 1886 259 1944 5
284 1885 350 1956 Quo
372 1889 480 1942 cuncta
498 1885 613 1958 pollent
629 1883 754 1941 caelitus
819 1883 943 1958 Repelle
959 1881 1099 1940 membris
1113 1881 1271 1951 lubricam,

284 1971 390 2039 Cursu,
413 1987 547 2038 recursu,
571 1971 702 2044 proprio,
818 1969 863 2026 Ne
885 1969 1010 2043 polluat,
1033 1969 1200 2026 lasciviam:

284 2056 350 2127 Quo
371 2057 434 2114 vita
455 2059 575 2112 constat
598 2057 735 2123 omnium,
820 2055 866 2111 Ne
888 2054 977 2111 foede
998 2058 1086 2112 vexet
1108 2055 1220 2128 passio,

282 2140 407 2198 Intende
430 2145 532 2215 grates
556 2141 732 2215 supplicum.
755 2141 796 2199 20
819 2139 988 2216 culpetque
1010 2141 1117 2196 mentis
1140 2141 1228 2196 ectio.

282 2261 328 2316 Da
351 2261 477 2318 servulis
502 2259 677 2326 custodiam,
822 2260 945 2316 Virtutis
968 2260 1043 2316 infer
1066 2259 1190 2332 copiam,

223 2347 261 2404 10
284 2345 350 2415 Qua
364 2350 568 2419 temperentur
579 2344 742 2412 commoda,
823 2344 889 2413 Quo
913 2346 1048 2402 conseras
1072 2345 1271 2412 clementiam,

252 2457 257 2472 ·
284 2429 421 2488 Adversa
444 2431 503 2486 sint
525 2431 651 2496 innoxia,
822 2430 939 2487 Oblitus
962 2436 996 2487 ut
1017 2431 1224 2505 peccaminum

286 2516 434 2588 Corrupto
456 2533 493 2572 nc
516 2517 575 2572 sint
596 2520 729 2590 pectora.
820 2515 915 2572 Dares
939 2517 1070 2602 quictem
1092 2520 1272 2590 temporum.
1377 2511 1379 2524 ⁴

462 2634 503 2694 25
526 2635 610 2691 Votis
632 2651 774 2710 rogamus
798 2635 918 2702 affatim,

525 2721 661 2794 Superna
682 2721 741 2788 lux,
764 2721 909 2778 inlabere:

525 2805 591 2874 Quo
614 2811 722 2862 cuncta
744 2811 810 2862 tuta
823 2807 979 2880 'perpetim

483 2967 486 2978 ,
526 2890 643 2958 Serves,
668 2890 801 2971 subactis
825 2890 982 2948 scandalis.

304 3009 332 3067 θ.
355 3009 665 3083 Thomprospero.
713 3012 759 3068 11.
782 3011 885 3067 Thom.
908 3016 1017 3085 potus
1041 3011 1185 3085 cibique
1210 3028 1291 3088 guu-

220 3094 321 3150 dium.
347 3095 394 3154 13.
413 3096 459 3152 14.
474 3093 578 3151 Thom.
593 3094 736 3151 lubrica
758 3113 800 3152 ne
823 3096 966 3172 polluat
987 3097 1153 3154 lascivia.
1181 3095 1289 3154 Neale:
1378 3151 1379 3158 ,

219 3181 297 3253 quod
317 3180 446 3253 equidem
468 3199 486 3236 c
508 3182 651 3255 scriptore
667 3183 832 3256 profectum
856 3201 920 3239 esse
942 3181 1122 3249 crediderim,
1146 3200 1180 3238 eo
1198 3189 1290 3240 tamen

218 3283 320 3332 sensu,
348 3271 382 3321 ut
402 3266 544 3322 ablaticus
578 3268 735 3324 accusativi
764 3277 849 3324 casus
878 3269 966 3324 ricem
995 3274 1156 3344 occuparet.
1177 3276 1217 3340 p.
1239 3265 1288 3327 26.

195 3367 199 3376 ·
220 3348 307 3418 Quod
328 3349 362 3406 V.
377 3350 412 3406 D.
435 3351 490 3406 toti
513 3352 635 3406 carmini
658 3350 813 3408 adscribit:
836 3352 1025 3426 Manifestum
1047 3359 1094 3410 est
1114 3353 1190 3409 tuce
1212 3354 1290 3427 tym-

219 3453 285 3492 num
307 3454 325 3490 c
347 3442 510 3493 correctore
532 3435 652 3509 quodem
674 3438 852 3494 emendatum
871 3431 968 3510 fuisse
988 3425 1031 3476 -’
1052 3437 1083 3496 id
1104 3437 1181 3512 proh
1202 3437 1289 3502 ,dolor

218 3521 248 3575 in
270 3513 370 3577 multis
392 3520 510 3594 hymnis
535 3520 720 3578 Arevalianis
743 3521 890 3580 accidisse
913 3522 1042 3580 videtur.

569 3764 626 3832 Dc
648 3764 836 3855 completa.
881 3767 935 3835 M.
1039 3723 1044 3729 Ι

260 3893 325 3950 Lux
346 3910 427 3960 vcra,
450 3893 526 3950 lucis
551 3894 681 3961 claritas,
796 3897 839 3955 Tc
862 3902 981 3970 tempus
1005 3898 1101 3954 omnis
1124 3899 1266 3972 temporis

260 3977 350 4034 Lucis
373 3995 496 4034 manens
518 3979 685 4036 hereditas:
795 3983 838 4040 Tc
861 3982 1004 4058 quicquid
1026 3983 1056 4040 in
1078 3981 1163 4039 nobis
1184 3985 1266 4058 viget

260 4063 341 4120 Laus
364 4063 394 4119 in
416 4062 547 4120 tenebris
569 4066 728 4138 promitur:
796 4067 955 4124 Collaudet
976 4069 1007 4124 iu
1027 4069 1183 4142 perpetuis

260 4145 454 4204 Precantibus
478 4149 620 4222 splendor
643 4149 737 4207 detur.
794 4150 967 4209 Eternitatis
990 4151 1129 4210 saeculis.

302 4263 459 4340 Completa
481 4266 674 4326 Mozarabum
696 4275 744 4327 est
766 4272 994 4347 completorium
1014 4271 1189 4328 Romanum.

656 4401 845 4412 ...ω-...-
