2822 5026
106 615 136 671 ot
155 609 264 688 gravitr
287 609 461 682 debemus,
484 609 541 686 qui
562 607 669 668 multa
690 605 837 668 carmina
860 607 946 668 scitu
968 607 1165 684 dignissima

105 713 217 788 primus
237 711 352 786 edidit,
376 705 515 774 aliorum
538 710 660 770 criticis
682 709 802 770 studiis
823 725 901 771 vere
923 709 1029 785 primu
1049 708 1166 770 sunda·

22 897 23 902 .
106 820 206 876 menta
227 815 315 888 iecit,
338 816 439 875 rebus
461 813 611 891 plurimis
635 815 668 872 ct
691 811 899 888 gravissimis
920 812 1032 872 lumen
1048 812 1166 873 attulit.

22 903 23 912 ¹
105 919 238 978 Eandem
261 919 407 994 gratiam
425 933 464 977 ex
486 916 604 976 intimo
627 913 738 975 ammo
753 914 867 974 Monio
882 913 1005 976 babere
1019 929 1087 974 non
1110 913 1165 974 do-

106 1023 222 1092 sistam,
253 1035 356 1097 quam
386 1019 450 1080 alio
479 1019 510 1078 ei
531 1017 604 1078 Ioco
626 1015 796 1093 professus
819 1033 894 1077 sum
917 1014 1006 1089 (cod.
1028 1015 1090 1076 Lit.
1111 1015 1165 1076 IV.

21 1189 22 1194 .
104 1137 128 1198 p.
146 1116 204 1194 31.)
254 1123 365 1182 Tanto
399 1121 533 1198 aegrius
566 1119 626 1179 tuli
646 1147 691 1160 -
713 1118 821 1180 celare
850 1118 884 1180 id
913 1118 990 1180 nolo
1012 1147 1055 1158 -
1077 1117 1164 1195 quod

21 1213 22 1234 ³
105 1239 175 1300 opus
196 1223 303 1284 Monii
326 1223 449 1302 ubique
471 1226 541 1283 tam
563 1237 638 1282 acre
660 1221 849 1282 acerbitatis
870 1222 961 1282 virus
977 1220 1108 1293 evomit,
1130 1223 1168 1281 ut

104 1341 167 1386 cum
189 1327 396 1387 eruditorum
418 1325 590 1386 hominum
612 1323 861 1384 velitationibus
886 1323 940 1383 vel
970 1323 1164 1384 decertatio·

104 1429 188 1488 uibus
211 1427 368 1507 (quarum
390 1429 462 1488 Iura
485 1428 611 1504 etipse
633 1427 716 1486 mibi
745 1421 891 1500 reservo)
904 1439 907 1446 ·
920 1425 1087 1486 concilimi
1109 1439 1166 1485 ne·

105 1535 191 1607 queat
221 1535 328 1610 atque
360 1531 444 1591 adeo
475 1530 595 1606 partim
629 1545 647 1588 e
683 1529 839 1604 partium,
862 1545 947 1606 quae
970 1529 1003 1587 in
1026 1525 1172 1588 ecclesia

105 1631 210 1692 dhn'sti
233 1639 325 1707 suut,
347 1633 456 1694 studio
480 1645 656 1692 emanasse
677 1631 782 1691 videri
797 1631 912 1706 possit.
947 1631 1040 1690 llaec
1055 1629 1167 1690 omnia

21 1731 22 1756 ³
107 1747 139 1793 eo
157 1737 283 1796 tautum
309 1735 448 1796 consilio
477 1734 614 1810 attingo,
643 1750 686 1793 ne
708 1734 797 1794 iusta
819 1731 976 1805 defensio,
1006 1747 1090 1809 quae
1113 1731 1166 1792 his

106 1835 388 1914 inSupplementis
404 1836 594 1896 necesscrIa
608 1835 685 1911 lege
699 1835 814 1895 Monio
829 1835 1031 1908 adversatur,
1052 1833 1164 1894 videa·

108 1942 150 1998 tur
173 1956 235 2000 non
265 1953 371 2016 posse
402 1938 569 1999 conciliari
591 1953 666 1998 cum
689 1954 729 1997 ea
757 1937 951 2010 reverentia,
981 1953 1080 2014 quam
1110 1936 1166 1996 ad·

106 2043 205 2102 'versus
232 2043 348 2102 virum
378 2041 527 2101 doctriua
555 2045 588 2100 et
617 2040 746 2100 meritis
771 2039 942 2116 insignem
964 2055 1018 2099 me
1040 2037 1164 2099 babere

113 2143 255 2216 professus
281 2159 369 2204 sum.

69 2303 72 2306 ,
175 2247 240 2306 lam
264 2249 348 2306 ante
363 2244 467 2305 Monii
490 2259 573 2321 opus
589 2243 797 2322 prodierunt:
821 2244 979 2304 Kirchen-
1002 2242 1069 2304 und
1091 2242 1165 2303 reli·

73 2383 76 2391 ·
108 2345 185 2422 gidse
205 2349 331 2410 Licder
364 2363 423 2408 aas
458 2347 533 2407 dem
557 2341 605 2408 12.
628 2345 680 2406 bis
704 2339 752 2406 15.
775 2345 1009 2407 Jahrhundert.
1052 2345 1166 2407 Thelia

20 2443 21 2448 ’
106 2447 388 2526 Uebersetzungen
404 2447 617 2509 lateiniscner
632 2449 925 2524 Kirchenhymnen
940 2447 1002 2508 mit
1023 2448 1099 2508 dem
1121 2448 1167 2508 la-

104 2550 275 2615 teinischen
303 2553 393 2625 Text,
425 2551 525 2611 theiis
550 2550 805 2627 Originallieder
827 2567 887 2612 cus
909 2549 1167 2611 Handschristen

103 2653 152 2713 der
168 2655 239 2718 lnk.
261 2653 519 2715 Hofbibliothek
543 2670 584 2713 zu
598 2653 693 2714 Wien
714 2669 781 2714 von
803 2654 825 2714 J
830 2652 954 2728 oseph
978 2653 1166 2726 Kebrein,

102 2747 390 2818 Paderborn1853.
425 2755 551 2816 Auctor
564 2755 640 2816 llbri
662 2755 855 2815 desudando
877 2755 911 2814 in
934 2769 1050 2830 campo
1065 2755 1167 2832 Hym-

101 2859 242 2936 uologiae
280 2859 405 2934 optime
436 2859 574 2919 meritus
606 2859 674 2918 iam
708 2861 785 2918 ente
808 2857 1017 2916 Thesaurum
1040 2856 1165 2916 editum

103 2975 223 3036 operam
240 2960 419 3022 collocavit
432 2961 466 3021 In
490 2977 538 3035 eo,
561 2966 598 3022 ut
611 2966 761 3021 veterum
777 2961 976 3035 hymnorum
992 2957 1166 3020 scientiam

103 3061 279 3141 divulgaret
295 3062 508 3141 studiumque
525 3064 691 3124 excitaret.
729 3059 839 3136 (Thes.
855 3062 877 3122 I.
890 3061 974 3122 Prol.
997 3077 1026 3138 p.
1042 3058 1164 3133 XXIII.)

103 3163 197 3226 Etiam
219 3180 308 3244 opus
330 3165 429 3226 modo
443 3165 625 3226 ludloatum
647 3181 714 3226 nou
737 3166 893 3241 exiguam
915 3179 1013 3240 opem
1034 3163 1110 3223 tulit
1131 3163 1166 3223 in

105 3267 214 3346 aliquot
236 3267 375 3366 hymnis
398 3283 482 3329 saec.
505 3267 580 3341 xn.
604 3283 686 3346 quos
710 3268 901 3327 Thesaurus
924 3281 991 3326 non
1013 3264 1124 3326 babet.

176 3371 285 3432 Etiam
301 3370 385 3430 libro
402 3370 446 3431 Ol.
460 3371 658 3431 Frantzii:
675 3368 878 3430 *Geschiohte
895 3368 952 3428 der
968 3368 1166 3445 geistliohen

20 3527 21 3540 ,
103 3469 301 3534 Liedertexte
316 3489 376 3532 vor
390 3473 448 3533 der
461 3471 696 3545 ReformatIon,
711 3471 926 3532 Halberstadt
942 3463 1032 3544 1852.
1055 3470 1165 3548 aliqua

105 3571 251 3637 debemus
286 3579 320 3635 et
352 3576 514 3654 quaedam
550 3569 672 3635 iudicia
705 3589 811 3634 exeo
840 3572 1035 3649 recepimus.
1079 3571 1165 3634 Sane

20 3751 21 3754 Ἴ
105 3677 224 3752 quidem
247 3677 302 3738 hic
325 3677 409 3738 liber
429 3693 497 3737 non
520 3675 659 3738 eruditis
682 3675 876 3736 hominibus
891 3675 1033 3752 sorIptus
1048 3679 1109 3747 est,
1133 3679 1166 3734 et

105 3792 160 3853 quc
182 3781 276 3840 oculo
299 3784 413 3840 auctor
435 3779 582 3840 carmina
604 3778 793 3839 considerat
814 3777 1048 3855 aestimatque,
1071 3777 1100 3837 is
1123 3775 1163 3836 ab

104 3885 206 3942 nostro
229 3883 380 3944 diversus
404 3885 463 3943 est.

177 3983 312 4046 Librum
334 3983 551 4045 utilissimum
577 3983 620 4044 ad
642 3982 892 4060 cognoscendas
914 3981 1060 4043 rationes
1083 3986 1165 4042 met·

104 4081 194 4147 ritas:
233 4087 381 4148 christ.
414 4085 585 4163 Theoph.
622 4085 781 4146 Schuch
818 4085 858 4145 de
891 4085 1004 4161 poesis
1040 4085 1164 4146 latinae

103 4185 255 4261 rhythmIs
272 4195 306 4250 et
328 4189 420 4250 rimIs
435 4187 612 4267 praecipue
632 4187 879 4248 monachorum.
914 4185 1166 4247 Donaueschin·

105 4301 159 4362 gae
175 4283 262 4366 1851,
277 4293 397 4354 harum
410 4309 520 4370 rerum
535 4290 695 4354 studiosis
710 4289 1074 4352 commendatissimum
1089 4301 1165 4350 esse

104 4391 251 4457 volumus.
