2788 5024
612 471 682 545 au
727 582 729 584 v

101 655 129 715 7.
146 656 273 714 Samson
295 655 381 712 sortia
405 659 438 710 tu
459 649 551 723 furiati,
640 656 729 714 10.0
754 671 855 712 comes
877 653 1038 722 Pictaviae,

144 742 241 815 Caput
263 741 370 816 Dagon
391 740 565 815 praecidisti
703 743 788 798 More
810 741 891 816 regie
915 742 1020 798 Ninive
1062 791 1065 798 .

185 827 282 902 Super
304 827 458 893 liminaria,
681 861 683 866 ·
739 826 900 883 Paenitens
923 831 959 882 te
975 827 1148 894 humiliasti,

142 912 287 969 Draconis
301 907 403 986 ,caput
425 913 591 970 contriviati
697 912 862 969 Ezechielis
892 911 1042 984 precibus,
1106 901 1111 909 ’

142 997 190 1054 Ει.
203 997 329 1072 Golyam
351 990 504 1072 peremisti
609 1053 611 1060 ,
701 993 901 1072 Magdalenae
923 997 1042 1054 fletibus

68 1127 72 1136 .
183 1083 252 1140 Vita
273 1083 456 1139 heremitica.
738 1083 1170 1157 Effluensvitamprolongasti.

100 1206 129 1263 8.
147 1203 301 1261 Offerebaa
324 1202 410 1270 Abel,
638 1204 685 1260 11.
699 1200 747 1258 Ad
761 1203 838 1258 hanc
854 1207 945 1269 tuam,
961 1201 1039 1258 bone
1054 1207 1167 1276 pastor,

142 1287 320 1346 Luctabaris
343 1289 372 1344 in
393 1287 512 1353 Bethel,
700 1288 864 1362 Singularis
887 1288 968 1344 ferus
991 1305 1064 1362 aper

186 1374 310 1431 Servisti
327 1373 417 1429 iacob
439 1391 494 1446 pro
509 1367 632 1442 Rachel,
740 1373 785 1429 Nc
808 1371 946 1431 devastet
958 1373 1083 1440 vineam,

142 1459 284 1517 Refutata
305 1458 414 1526 habel,
697 1459 839 1516 Transfer
862 1459 921 1515 cito
945 1457 982 1516 de
1006 1457 1158 1534 Aegypto,

145 1545 292 1602 castitate
315 1543 419 1600 Daniel
551 1586 562 1604 .
696 1543 854 1602 Pharaone
878 1541 1035 1610 suffocato,

184 1631 232 1686 Fis
255 1630 378 1686 illaesus
401 1633 434 1684 ut
455 1629 593 1686 Mizahel.
739 1629 787 1685 Ad
810 1629 858 1686 dci
880 1619 983 1686 locans
1007 1629 1168 1698 dexteram,

102 1750 130 1809 9.
147 1749 273 1819 Quaeris
296 1767 355 1805 non
378 1749 454 1804 inter
468 1754 619 1822 parentes,
638 1749 684 1807 12.
701 1749 756 1806 Ubi
779 1751 845 1806 finis
867 1749 964 1805 bonae
986 1751 1076 1817 vitae,

144 1835 287 1901 (Imitaris
308 1835 459 1909 fugientes
519 1827 546 1855 ·’
699 1834 747 1891 Ad
770 1853 858 1910 quem
880 1835 1007 1891 tendunt
1028 1835 1169 1892 eremitae

184 1920 319 1988 Domum,
342 1927 440 1988 notos,
464 1918 611 1994 patriam),
741 1921 933 1995 Aeternaquc
957 1921 1095 1991 societas,
1163 1955 1166 1964 ι

186 2005 511 2080 Regemregum‚quem
520 2007 634 2074 amasti,
702 2005 850 2080 Splendor
871 2007 956 2073 lucis,
979 2007 1028 2062 via
1050 2008 1139 2072 vitae,

144 2091 199 2148 Dei
222 2095 295 2147 nutu
318 2097 351 2147 ιιι
373 2092 492 2147 intrasti
698 2091 809 2148 Pastor
830 2091 1020 2159 bone-mina
1041 2094 1113 2150 mite

185 2177 300 2233 Vallem
322 2175 415 2232 Rodia
437 2176 597 2240 horridam.
741 2177 802 2233 Nos
826 2175 865 2233 ad
887 2178 957 2252 agni
979 2179 1107 2250 nuptias.

186 2296 304 2353 Munius
327 2299 452 2353 metrica
479 2297 594 2353 ratione
618 2302 784 2354 commotus
811 2294 835 2355 1:
858 2295 1111 2362 Willihelmus.
1140 2297 1168 2356 7.

102 2383 244 2438 trivisti
268 2384 295 2459 8.
320 2385 358 2438 ut
380 2372 714 2456 Abel.'10.0m.qui.
742 2385 787 2438 11.
810 2387 924 2456 pater.
951 2383 998 2440 12.
1020 2387 1169 2440 aeterna

103 2469 280 2525 societas.
325 2467 366 2524 At
398 2469 429 2524 in
462 2469 563 2524 metris
599 2469 799 2543 negligentior
827 2469 883 2524 fuit
910 2471 1001 2540 poeta
1022 2485 1113 2542 quam
1135 2475 1169 2526 ιιι

102 2551 170 2608 inde
194 2551 348 2607 diiudicari
371 2555 468 2626 possit
491 2553 665 2627 sequentiae
690 2555 847 2628 scriptura.
896 2553 941 2611 12.
964 2555 1098 2610 minare
1120 2570 1169 2601 =

104 2635 213 2693 ducere
236 2637 271 2694 ci.
294 2638 341 2694 Du
364 2639 466 2712 Gange
490 2637 544 2694 sub
566 2639 594 2696 h.
617 2636 654 2707 u]

155 2879 158 2884 ¹
188 2926 259 2986 516.
296 2915 434 2994 [Mundi
464 2919 645 2986 renovatio
672 2921 708 2985 ct
734 2921 942 2986 mundorum
969 2922 1076 2988 natio.
1126 2933 1170 2992 De
1255 2941 1269 2958 ⁴

104 3012 132 3068 S.
155 3011 321 3068 Erasmo.
344 3011 433 3072 Thes.
454 3012 490 3068 II.
514 3031 543 3086 p.
569 3011 649 3082 194]

187 3285 257 3343 ιιι.
281 3253 515 3351 [sauciarent
534 3277 722 3364 pontificia
758 3289 804 3346 ne
827 3289 856 3348 s,
878 3289 1036 3348 erasmo.
1080 3291 1171 3349 Mona

102 3371 152 3427 Ill.
174 3389 202 3444 p.
225 3370 296 3430 292.
318 3368 384 3436 (Hs.
408 3389 444 3426 zu
466 3369 720 3430 Pommersfelden
743 3373 797 3430 No.
821 3374 904 3433 2926
930 3375 976 3433 15.
998 3370 1073 3446 Jh.)]
1162 3399 1166 3404 ·

106 3493 131 3548 1.
148 3490 334 3546 sanctissimi
357 3491 505 3562 pontificis
639 3493 868 3550 latravimus
891 3499 924 3550 ut
947 3494 1071 3562 athleta,

145 3579 175 3630 et
197 3576 340 3632 virtutum
364 3575 478 3648 opificis
681 3577 767 3634 clade
790 3579 878 3636 huius
901 3581 981 3637 vitae
1005 3585 1116 3656 spreta,
1157 3629 1161 3639 .

187 3659 302 3716 Erasmi
326 3659 481 3715 sollemnia
723 3665 757 3720 fit
778 3683 832 3738 pro
857 3665 975 3722 Christo
998 3667 1123 3740 patiens.

473 3832 475 3838 .
636 3781 662 3842 5.
677 3783 753 3842 Nam
776 3783 882 3840 zabulo
905 3787 1081 3861 instigante,

102 3868 131 3926 2.
147 3865 223 3922 Toto
247 3863 338 3922 eorde
360 3865 538 3942 recolamus,
679 3869 865 3926 Diocletiano
888 3871 1054 3944 imperante

80 3981 85 3988 -
145 3956 175 4007 et
198 3951 306 4008 devote
330 3952 521 4008 concinamus
721 3956 859 4012 turbatur
882 3955 1021 4022 ecclesia,

187 4042 325 4110 martyrffl
348 4053 519 4110 Prae⁰⁰¹¹¹ar
635 4074 664 4132 6.
681 4073 766 4132 Unde
796 4091 933 4132 moerens
956 4079 1078 4150 praesul
1105 4091 1172 4134 sau-

1049 4168 1129 4230 ctus,

9 4289 21 4319 p.
102 4239 131 4299 3.
147 4238 204 4308 Qui
226 4241 255 4296 iu
277 4241 365 4298 huius
388 4241 496 4300 mundi
513 4245 599 4317 spina
679 4250 842 4320 postquam
874 4248 970 4303 saevit
1000 4248 1083 4304 soror
1108 4254 1206 4315 tan--

145 4325 228 4382 fulsit
250 4332 284 4382 ut
305 4327 355 4384 lux
377 4329 530 4396 matutina,
797 4405 798 4409 Ἰ
1044 4338 1118 4400 ιιιιι,·

188 4411 244 4470 soli
266 4409 322 4468 deo
346 4414 488 4480 servieus,
721 4433 838 4492 pauper
859 4419 892 4476 fit
916 4419 1047 4478 etenim
