<?xml version="1.0" encoding="UTF-8"?>
<!DOCTYPE html PUBLIC "-//W3C//DTD XHTML 1.0 Transitional//EN"
    "http://www.w3.org/TR/xhtml1/DTD/xhtml1-transitional.dtd">
<html xmlns="http://www.w3.org/1999/xhtml" xml:lang="en" lang="en">
 <head>
  <title>
</title>
<meta http-equiv="Content-Type" content="text/html;charset=utf-8" />
  <meta name='ocr-system' content='tesseract 3.04.00' />
  <meta name='ocr-capabilities' content='ocr_page ocr_carea ocr_par ocr_line ocrx_word'/>
</head>
<body>
  <div class='ocr_page' id='page_1' title='image "./thesaurushymnol04danigoog/thesaurushymnol04danigoog_0163.png"; bbox 0 0 2772 5024; ppageno 0'>
   <div class='ocr_carea' id='block_1_1' title="bbox 579 417 641 496">
    <p class='ocr_par' dir='ltr' id='par_1_1' title="bbox 579 417 641 496">
     <span class='ocr_line' id='line_1_1' title="bbox 579 417 641 496; baseline 0 0"><span class='ocrx_word' id='word_1_1' title='bbox 579 417 641 496; x_wconf 74' lang='lat' dir='ltr'><strong>m</strong></span> 
     </span>
    </p>
   </div>
   <div class='ocr_carea' id='block_1_2' title="bbox 218 603 901 940">
    <p class='ocr_par' dir='ltr' id='par_1_2' title="bbox 218 603 901 940">
     <span class='ocr_line' id='line_1_2' title="bbox 281 603 901 680; baseline 0.008 -19"><span class='ocrx_word' id='word_1_2' title='bbox 281 605 401 680; x_wconf 82' lang='lat' dir='ltr'><strong>Sprerit</strong></span> <span class='ocrx_word' id='word_1_3' title='bbox 422 604 471 662; x_wconf 86' lang='lat' dir='ltr'><strong>hie</strong></span> <span class='ocrx_word' id='word_1_4' title='bbox 494 604 640 662; x_wconf 86' lang='lat' dir='ltr'><strong>mundum·</strong></span> <span class='ocrx_word' id='word_1_5' title='bbox 657 603 791 680; x_wconf 78' lang='lat' dir='ltr'><strong>peritura</strong></span> <span class='ocrx_word' id='word_1_6' title='bbox 810 607 901 676; x_wconf 79' lang='lat' dir='ltr'><strong>dona,</strong></span> 
     </span>
     <span class='ocr_line' id='line_1_3' title="bbox 279 689 875 764; baseline 0.007 -18"><span class='ocrx_word' id='word_1_7' title='bbox 279 691 337 746; x_wconf 85' lang='lat' dir='ltr'><strong>sert</strong></span> <span class='ocrx_word' id='word_1_8' title='bbox 359 707 446 764; x_wconf 89' lang='lat' dir='ltr'><strong>opem</strong></span> <span class='ocrx_word' id='word_1_9' title='bbox 469 689 565 760; x_wconf 87' lang='lat' dir='ltr'><strong>nudis,</strong></span> <span class='ocrx_word' id='word_1_10' title='bbox 589 691 729 750; x_wconf 83' lang='lat' dir='ltr'><strong>alimenta</strong></span> <span class='ocrx_word' id='word_1_11' title='bbox 752 693 875 762; x_wconf 79' lang='lat' dir='ltr'><strong>claudis,</strong></span> 
     </span>
     <span class='ocr_line' id='line_1_4' title="bbox 218 773 833 837; baseline 0.008 -5"><span class='ocrx_word' id='word_1_12' title='bbox 218 774 256 832; x_wconf 81' lang='lat'><strong>¹5</strong></span> <span class='ocrx_word' id='word_1_13' title='bbox 280 773 386 834; x_wconf 81' lang='lat' dir='ltr'><strong>dividit</strong></span> <span class='ocrx_word' id='word_1_14' title='bbox 407 793 543 833; x_wconf 88' lang='lat' dir='ltr'><strong>nummos</strong></span> <span class='ocrx_word' id='word_1_15' title='bbox 565 779 681 836; x_wconf 86' lang='lat' dir='ltr'><strong>miseris</strong></span> <span class='ocrx_word' id='word_1_16' title='bbox 705 779 833 837; x_wconf 83' lang='lat' dir='ltr'><strong>catervis</strong></span> 
     </span>
     <span class='ocr_line' id='line_1_5' title="bbox 486 861 738 940; baseline 0.008 -22"><span class='ocrx_word' id='word_1_17' title='bbox 486 861 575 920; x_wconf 85' lang='lat' dir='ltr'><strong>corde</strong></span> <span class='ocrx_word' id='word_1_18' title='bbox 590 863 738 940; x_wconf 82' lang='lat' dir='ltr'><strong>flagranti.</strong></span> 
     </span>
    </p>
   </div>
   <div class='ocr_carea' id='block_1_3' title="bbox 166 998 886 1332">
    <p class='ocr_par' dir='ltr' id='par_1_3' title="bbox 166 998 886 1332">
     <span class='ocr_line' id='line_1_6' title="bbox 278 998 886 1075; baseline 0.005 -20"><span class='ocrx_word' id='word_1_19' title='bbox 278 998 351 1073; x_wconf 85' lang='lat' dir='ltr'>Igne</span> <span class='ocrx_word' id='word_1_20' title='bbox 373 1004 540 1075; x_wconf 77' lang='lat' dir='ltr'><strong>torquetur,</strong></span> <span class='ocrx_word' id='word_1_21' title='bbox 565 1000 663 1056; x_wconf 85' lang='lat' dir='ltr'><strong>stabili</strong></span> <span class='ocrx_word' id='word_1_22' title='bbox 686 1005 789 1058; x_wconf 79' lang='lat' dir='ltr'><strong>tenure</strong></span> <span class='ocrx_word' id='word_1_23' title='bbox 879 1004 886 1013; x_wconf 89' lang='lat'><em>&#39;</em></span> 
     </span>
     <span class='ocr_line' id='line_1_7' title="bbox 278 1083 858 1160; baseline 0.007 -20"><span class='ocrx_word' id='word_1_24' title='bbox 278 1083 376 1140; x_wconf 82' lang='lat' dir='ltr'><strong>cordis</strong></span> <span class='ocrx_word' id='word_1_25' title='bbox 399 1101 545 1142; x_wconf 82' lang='lat' dir='ltr'><strong>aecensus</strong></span> <span class='ocrx_word' id='word_1_26' title='bbox 569 1092 693 1160; x_wconf 82' lang='lat' dir='ltr'><strong>superat</strong></span> <span class='ocrx_word' id='word_1_27' title='bbox 714 1088 858 1144; x_wconf 76' lang='lat' dir='ltr'><strong>mtnaces&#39;</strong></span> 
     </span>
     <span class='ocr_line' id='line_1_8' title="bbox 166 1171 824 1246; baseline 0.008 -21"><span class='ocrx_word' id='word_1_28' title='bbox 166 1211 168 1218; x_wconf 85' lang='grc'>.</span> <span class='ocrx_word' id='word_1_29' title='bbox 277 1171 389 1246; x_wconf 88' lang='lat' dir='ltr'><strong>ignium</strong></span> <span class='ocrx_word' id='word_1_30' title='bbox 411 1171 546 1227; x_wconf 82' lang='lat' dir='ltr'><strong>flammas</strong></span> <span class='ocrx_word' id='word_1_31' title='bbox 569 1172 598 1227; x_wconf 93' lang='lat' dir='ltr'><strong>in</strong></span> <span class='ocrx_word' id='word_1_32' title='bbox 621 1187 722 1228; x_wconf 87' lang='lat' dir='ltr'><strong>amore</strong></span> <span class='ocrx_word' id='word_1_33' title='bbox 744 1174 824 1230; x_wconf 81' lang='lat' dir='ltr'><strong>vitae</strong></span> 
     </span>
     <span class='ocr_line' id='line_1_9' title="bbox 211 1254 739 1332; baseline -0.002 -17"><span class='ocrx_word' id='word_1_34' title='bbox 211 1254 254 1316; x_wconf 82' lang='lat'><strong>2⁰</strong></span> <span class='ocrx_word' id='word_1_35' title='bbox 473 1273 592 1331; x_wconf 84' lang='lat' dir='ltr'><strong>semper</strong></span> <span class='ocrx_word' id='word_1_36' title='bbox 614 1259 739 1332; x_wconf 81' lang='lat' dir='ltr'><strong>opimae.</strong></span> 
     </span>
    </p>
   </div>
   <div class='ocr_carea' id='block_1_4' title="bbox 277 1392 889 1733">
    <p class='ocr_par' dir='ltr' id='par_1_4' title="bbox 277 1392 889 1640">
     <span class='ocr_line' id='line_1_10' title="bbox 277 1392 889 1467; baseline 0.003 -17"><span class='ocrx_word' id='word_1_37' title='bbox 277 1392 378 1450; x_wconf 88' lang='lat' dir='ltr'><strong>Uritur</strong></span> <span class='ocrx_word' id='word_1_38' title='bbox 398 1397 560 1467; x_wconf 81' lang='lat' dir='ltr'><strong>postquam</strong></span> <span class='ocrx_word' id='word_1_39' title='bbox 582 1393 661 1450; x_wconf 85' lang='lat' dir='ltr'><strong>latus</strong></span> <span class='ocrx_word' id='word_1_40' title='bbox 685 1411 770 1451; x_wconf 88' lang='lat' dir='ltr'><strong>omne</strong></span> <span class='ocrx_word' id='word_1_41' title='bbox 792 1395 889 1464; x_wconf 85' lang='lat' dir='ltr'><strong>testis,</strong></span> 
     </span>
     <span class='ocr_line' id='line_1_11' title="bbox 277 1478 839 1554; baseline 0.004 -20"><span class='ocrx_word' id='word_1_42' title='bbox 277 1483 370 1546; x_wconf 86' lang='lat' dir='ltr'><strong>verte,</strong></span> <span class='ocrx_word' id='word_1_43' title='bbox 393 1478 527 1552; x_wconf 81' lang='lat' dir='ltr'><strong>proiecto</strong></span> <span class='ocrx_word' id='word_1_44' title='bbox 550 1479 682 1554; x_wconf 90' lang='lat' dir='ltr'><strong>loquitur</strong></span> <span class='ocrx_word' id='word_1_45' title='bbox 703 1479 839 1550; x_wconf 85' lang='lat' dir='ltr'><strong>iocando,</strong></span> 
     </span>
     <span class='ocr_line' id='line_1_12' title="bbox 279 1563 853 1640; baseline 0.007 -21"><span class='ocrx_word' id='word_1_46' title='bbox 279 1565 413 1640; x_wconf 84' lang='lat' dir='ltr'><strong>eorporis</strong></span> <span class='ocrx_word' id='word_1_47' title='bbox 435 1567 552 1638; x_wconf 85' lang='lat' dir='ltr'><strong>partem</strong></span> <span class='ocrx_word' id='word_1_48' title='bbox 574 1563 713 1620; x_wconf 86' lang='lat' dir='ltr'><strong>laniando</strong></span> <span class='ocrx_word' id='word_1_49' title='bbox 737 1570 853 1623; x_wconf 79' lang='lat' dir='ltr'><strong>coctam</strong></span> 
     </span>
    </p>

    <p class='ocr_par' dir='ltr' id='par_1_5' title="bbox 423 1648 776 1733">
     <span class='ocr_line' id='line_1_13' title="bbox 423 1648 776 1733; baseline 0.023 -33"><span class='ocrx_word' id='word_1_50' title='bbox 423 1691 428 1700; x_wconf 82' lang='grc'><em>,</em></span> <span class='ocrx_word' id='word_1_51' title='bbox 485 1648 624 1706; x_wconf 89' lang='lat' dir='ltr'><strong>dentibus</strong></span> <span class='ocrx_word' id='word_1_52' title='bbox 647 1651 729 1708; x_wconf 81' lang='lat' dir='ltr'><strong>atris.</strong></span> <span class='ocrx_word' id='word_1_53' title='bbox 773 1728 776 1733; x_wconf 21' lang='grc' dir='ltr'>Ι</span> 
     </span>
    </p>
   </div>
   <div class='ocr_carea' id='block_1_5' title="bbox 214 1784 1005 2117">
    <p class='ocr_par' dir='ltr' id='par_1_6' title="bbox 214 1784 1005 2117">
     <span class='ocr_line' id='line_1_14' title="bbox 214 1784 1005 1864; baseline 0.004 -20"><span class='ocrx_word' id='word_1_54' title='bbox 214 1785 254 1844; x_wconf 74' lang='grc'><strong>25</strong></span> <span class='ocrx_word' id='word_1_55' title='bbox 278 1784 420 1858; x_wconf 86' lang='lat' dir='ltr'><strong>Spiritum</strong></span> <span class='ocrx_word' id='word_1_56' title='bbox 444 1787 571 1860; x_wconf 85' lang='lat' dir='ltr'><strong>sumpsit</strong></span> <span class='ocrx_word' id='word_1_57' title='bbox 594 1785 703 1843; x_wconf 86' lang='lat' dir='ltr'><strong>chorus</strong></span> <span class='ocrx_word' id='word_1_58' title='bbox 726 1789 910 1864; x_wconf 86' lang='lat' dir='ltr'><strong>angelorum,</strong></span> <span class='ocrx_word' id='word_1_59' title='bbox 1003 1809 1005 1814; x_wconf 92' lang='lat'>·</span> 
     </span>
     <span class='ocr_line' id='line_1_15' title="bbox 276 1869 749 1945; baseline 0.008 -19"><span class='ocrx_word' id='word_1_60' title='bbox 276 1869 376 1926; x_wconf 90' lang='lat' dir='ltr'><strong>intulit</strong></span> <span class='ocrx_word' id='word_1_61' title='bbox 399 1871 483 1928; x_wconf 83' lang='lat' dir='ltr'><strong>coelo</strong></span> <span class='ocrx_word' id='word_1_62' title='bbox 506 1873 555 1945; x_wconf 92' lang='lat' dir='ltr'><strong>pie</strong></span> <span class='ocrx_word' id='word_1_63' title='bbox 577 1871 749 1941; x_wconf 87' lang='lat' dir='ltr'><strong>laureando,</strong></span> 
     </span>
     <span class='ocr_line' id='line_1_16' title="bbox 276 1955 878 2033; baseline 0.008 -22"><span class='ocrx_word' id='word_1_64' title='bbox 276 1960 310 2012; x_wconf 91' lang='lat' dir='ltr'><strong>ut</strong></span> <span class='ocrx_word' id='word_1_65' title='bbox 332 1955 431 2012; x_wconf 79' lang='lat' dir='ltr'><strong>scelus</strong></span> <span class='ocrx_word' id='word_1_66' title='bbox 454 1955 534 2013; x_wconf 87' lang='lat' dir='ltr'><strong>laxet</strong></span> <span class='ocrx_word' id='word_1_67' title='bbox 555 1957 706 2014; x_wconf 89' lang='lat' dir='ltr'><strong>hominum</strong></span> <span class='ocrx_word' id='word_1_68' title='bbox 728 1959 878 2033; x_wconf 86' lang='lat' dir='ltr'><strong>precando</strong></span> 
     </span>
     <span class='ocr_line' id='line_1_17' title="bbox 488 2044 729 2117; baseline 0.008 -19"><span class='ocrx_word' id='word_1_69' title='bbox 488 2044 729 2117; x_wconf 85' lang='lat' dir='ltr'><strong>omnipotentem.</strong></span> 
     </span>
    </p>
   </div>
   <div class='ocr_carea' id='block_1_6' title="bbox 212 2178 918 2494">
    <p class='ocr_par' dir='ltr' id='par_1_7' title="bbox 212 2178 918 2494">
     <span class='ocr_line' id='line_1_18' title="bbox 275 2178 832 2256; baseline 0 -20"><span class='ocrx_word' id='word_1_70' title='bbox 275 2178 409 2252; x_wconf 84' lang='lat' dir='ltr'><strong>Supplici</strong></span> <span class='ocrx_word' id='word_1_71' title='bbox 432 2184 502 2236; x_wconf 87' lang='lat' dir='ltr'><strong>voto</strong></span> <span class='ocrx_word' id='word_1_72' title='bbox 526 2181 690 2256; x_wconf 83' lang='lat' dir='ltr'><strong>rogitemus</strong></span> <span class='ocrx_word' id='word_1_73' title='bbox 714 2197 832 2238; x_wconf 87' lang='lat' dir='ltr'><strong>omnes:</strong></span> 
     </span>
     <span class='ocr_line' id='line_1_19' title="bbox 212 2263 918 2340; baseline 0.007 -20"><span class='ocrx_word' id='word_1_74' title='bbox 212 2263 253 2328; x_wconf 73' lang='lat'><strong>30,</strong></span> <span class='ocrx_word' id='word_1_75' title='bbox 275 2269 379 2321; x_wconf 83' lang='lat' dir='ltr'><strong>sancte</strong></span> <span class='ocrx_word' id='word_1_76' title='bbox 401 2265 544 2322; x_wconf 82' lang='lat' dir='ltr'><strong>Laurenti</strong></span> <span class='ocrx_word' id='word_1_77' title='bbox 566 2267 683 2324; x_wconf 84' lang='lat' dir='ltr'><strong>veniam</strong></span> <span class='ocrx_word' id='word_1_78' title='bbox 704 2267 847 2340; x_wconf 84' lang='lat' dir='ltr'><strong>preceris,</strong></span> <span class='ocrx_word' id='word_1_79' title='bbox 912 2331 918 2338; x_wconf 59' lang='grc'><em>,</em></span> 
     </span>
     <span class='ocr_line' id='line_1_20' title="bbox 276 2351 874 2430; baseline 0.008 -24"><span class='ocrx_word' id='word_1_80' title='bbox 276 2351 328 2424; x_wconf 90' lang='lat' dir='ltr'><strong>qui</strong></span> <span class='ocrx_word' id='word_1_81' title='bbox 350 2355 434 2407; x_wconf 90' lang='lat' dir='ltr'><strong>tuum</strong></span> <span class='ocrx_word' id='word_1_82' title='bbox 456 2351 566 2408; x_wconf 84' lang='lat' dir='ltr'><strong>festum</strong></span> <span class='ocrx_word' id='word_1_83' title='bbox 589 2351 742 2409; x_wconf 85' lang='lat' dir='ltr'><strong>celebrant</strong></span> <span class='ocrx_word' id='word_1_84' title='bbox 764 2353 874 2430; x_wconf 86' lang='lat' dir='ltr'><strong>ubique</strong></span> 
     </span>
     <span class='ocr_line' id='line_1_21' title="bbox 483 2437 834 2494; baseline -0.003 0"><span class='ocrx_word' id='word_1_85' title='bbox 483 2454 557 2494; x_wconf 89' lang='lat' dir='ltr'><strong>voee</strong></span> <span class='ocrx_word' id='word_1_86' title='bbox 580 2437 628 2494; x_wconf 89' lang='lat' dir='ltr'><strong>vel</strong></span> <span class='ocrx_word' id='word_1_87' title='bbox 652 2443 729 2494; x_wconf 81' lang='lat' dir='ltr'><strong>actu.</strong></span> <span class='ocrx_word' id='word_1_88' title='bbox 829 2484 834 2493; x_wconf 38' lang='lat' dir='ltr'><em>s</em></span> 
     </span>
    </p>
   </div>
   <div class='ocr_carea' id='block_1_7' title="bbox 210 2559 903 2906">
    <p class='ocr_par' dir='ltr' id='par_1_8' title="bbox 210 2559 903 2906">
     <span class='ocr_line' id='line_1_22' title="bbox 275 2559 843 2644; baseline 0.002 -13"><span class='ocrx_word' id='word_1_89' title='bbox 275 2571 407 2631; x_wconf 85' lang='lat' dir='ltr'><strong>Gloriam</strong></span> <span class='ocrx_word' id='word_1_90' title='bbox 430 2572 512 2630; x_wconf 86' lang='lat' dir='ltr'><strong>Patri</strong></span> <span class='ocrx_word' id='word_1_91' title='bbox 534 2559 708 2631; x_wconf 71' lang='lat' dir='ltr'><strong>resonamus</strong></span> <span class='ocrx_word' id='word_1_92' title='bbox 731 2593 843 2644; x_wconf 88' lang='lat' dir='ltr'><strong>omnes,</strong></span> 
     </span>
     <span class='ocr_line' id='line_1_23' title="bbox 276 2659 774 2735; baseline 0.004 -20"><span class='ocrx_word' id='word_1_93' title='bbox 276 2659 339 2715; x_wconf 90' lang='lat' dir='ltr'><strong>eius</strong></span> <span class='ocrx_word' id='word_1_94' title='bbox 363 2664 393 2716; x_wconf 89' lang='lat' dir='ltr'><strong>et</strong></span> <span class='ocrx_word' id='word_1_95' title='bbox 415 2659 492 2718; x_wconf 84' lang='lat' dir='ltr'><strong>Nato</strong></span> <span class='ocrx_word' id='word_1_96' title='bbox 516 2659 672 2716; x_wconf 88' lang='lat' dir='ltr'><strong>iubilemus</strong></span> <span class='ocrx_word' id='word_1_97' title='bbox 695 2665 774 2735; x_wconf 85' lang='lat' dir='ltr'><strong>apte,</strong></span> 
     </span>
     <span class='ocr_line' id='line_1_24' title="bbox 210 2743 903 2820; baseline 0.001 -18"><span class='ocrx_word' id='word_1_98' title='bbox 210 2743 249 2802; x_wconf 81' lang='lat'><strong>35</strong></span> <span class='ocrx_word' id='word_1_99' title='bbox 273 2761 340 2801; x_wconf 84' lang='lat' dir='ltr'><strong>eum</strong></span> <span class='ocrx_word' id='word_1_100' title='bbox 362 2744 470 2820; x_wconf 90' lang='lat' dir='ltr'><strong>quibus</strong></span> <span class='ocrx_word' id='word_1_101' title='bbox 489 2749 600 2820; x_wconf 76' lang='lat' dir='ltr'><strong>regnat</strong></span> <span class='ocrx_word' id='word_1_102' title='bbox 623 2745 710 2802; x_wconf 90' lang='lat' dir='ltr'><strong>simul</strong></span> <span class='ocrx_word' id='word_1_103' title='bbox 733 2752 763 2803; x_wconf 87' lang='lat' dir='ltr'><strong>et</strong></span> <span class='ocrx_word' id='word_1_104' title='bbox 785 2749 903 2804; x_wconf 85' lang='lat' dir='ltr'><strong>creator</strong></span> 
     </span>
     <span class='ocr_line' id='line_1_25' title="bbox 478 2830 734 2906; baseline 0.008 -19"><span class='ocrx_word' id='word_1_105' title='bbox 478 2830 606 2906; x_wconf 85' lang='lat' dir='ltr'><strong>Spiritus</strong></span> <span class='ocrx_word' id='word_1_106' title='bbox 630 2832 734 2889; x_wconf 86' lang='lat' dir='ltr'><strong>almus.</strong></span> 
     </span>
    </p>
   </div>
   <div class='ocr_carea' id='block_1_8' title="bbox 210 3073 1006 3249">
    <p class='ocr_par' dir='ltr' id='par_1_9' title="bbox 210 3073 1006 3249">
     <span class='ocr_line' id='line_1_26' title="bbox 210 3073 1006 3170; baseline 0.01 -28"><span class='ocrx_word' id='word_1_107' title='bbox 210 3073 289 3142; x_wconf 82' lang='lat' dir='ltr'><strong>Vita</strong></span> <span class='ocrx_word' id='word_1_108' title='bbox 310 3073 526 3144; x_wconf 68' lang='lat' dir='ltr'><strong>Sariolenum</strong></span> <span class='ocrx_word' id='word_1_109' title='bbox 547 3079 606 3146; x_wconf 82' lang='lat' dir='ltr'><strong>oia</strong></span> <span class='ocrx_word' id='word_1_110' title='bbox 631 3081 920 3170; x_wconf 64' lang='lat' dir='ltr'><strong>spes-salusque.</strong></span> <span class='ocrx_word' id='word_1_111' title='bbox 963 3079 1006 3150; x_wconf 82' lang='lat' dir='ltr'><strong>R.</strong></span> 
     </span>
     <span class='ocr_line' id='line_1_27' title="bbox 365 3177 848 3249; baseline 0.008 -17"><span class='ocrx_word' id='word_1_112' title='bbox 365 3177 449 3233; x_wconf 81' lang='lat' dir='ltr'><strong>Thes.</strong></span> <span class='ocrx_word' id='word_1_113' title='bbox 468 3179 490 3249; x_wconf 78' lang='grc' dir='ltr'><strong>Ι.ι</strong></span> <span class='ocrx_word' id='word_1_114' title='bbox 506 3196 533 3248; x_wconf 87' lang='lat' dir='ltr'><strong>p.</strong></span> <span class='ocrx_word' id='word_1_115' title='bbox 551 3181 610 3236; x_wconf 72' lang='lat' dir='ltr'><strong>ata</strong></span> <span class='ocrx_word' id='word_1_116' title='bbox 645 3181 689 3234; x_wconf 88' lang='lat' dir='ltr'><strong>De</strong></span> <span class='ocrx_word' id='word_1_117' title='bbox 708 3181 736 3235; x_wconf 88' lang='lat' dir='ltr'><strong>S.</strong></span> <span class='ocrx_word' id='word_1_118' title='bbox 755 3179 848 3249; x_wconf 77' lang='lat' dir='ltr'><strong>Gallo.</strong></span> 
     </span>
    </p>
   </div>
   <div class='ocr_carea' id='block_1_9' title="bbox 244 3307 869 3643">
    <p class='ocr_par' dir='ltr' id='par_1_10' title="bbox 244 3307 869 3388">
     <span class='ocr_line' id='line_1_28' title="bbox 244 3307 869 3388; baseline 0.008 -24"><span class='ocrx_word' id='word_1_119' title='bbox 244 3307 313 3365; x_wconf 73' lang='lat' dir='ltr'><strong>vita</strong></span> <span class='ocrx_word' id='word_1_120' title='bbox 336 3313 516 3377; x_wconf 86' lang='lat' dir='ltr'><strong>sanctorum,</strong></span> <span class='ocrx_word' id='word_1_121' title='bbox 539 3313 597 3379; x_wconf 82' lang='lat' dir='ltr'><strong>via,</strong></span> <span class='ocrx_word' id='word_1_122' title='bbox 622 3329 693 3386; x_wconf 88' lang='lat' dir='ltr'><strong>spes</strong></span> <span class='ocrx_word' id='word_1_123' title='bbox 717 3312 869 3388; x_wconf 85' lang='lat' dir='ltr'><strong>salusque,</strong></span> 
     </span>
    </p>

    <p class='ocr_par' dir='ltr' id='par_1_11' title="bbox 244 3393 815 3472">
     <span class='ocr_line' id='line_1_29' title="bbox 244 3393 815 3472; baseline 0.009 -22"><span class='ocrx_word' id='word_1_124' title='bbox 244 3393 372 3464; x_wconf 81' lang='lat' dir='ltr'><strong>Christe,</strong></span> <span class='ocrx_word' id='word_1_125' title='bbox 395 3395 521 3471; x_wconf 81' lang='lat' dir='ltr'><strong>largitor</strong></span> <span class='ocrx_word' id='word_1_126' title='bbox 542 3395 700 3471; x_wconf 83' lang='lat' dir='ltr'><strong>probitatis</strong></span> <span class='ocrx_word' id='word_1_127' title='bbox 723 3403 815 3472; x_wconf 86' lang='lat' dir='ltr'><strong>atque</strong></span> 
     </span>
    </p>

    <p class='ocr_par' dir='ltr' id='par_1_12' title="bbox 244 3473 793 3643">
     <span class='ocr_line' id='line_1_30' title="bbox 244 3473 793 3554; baseline 0.011 -20"><span class='ocrx_word' id='word_1_128' title='bbox 244 3478 380 3536; x_wconf 84' lang='lat' dir='ltr'><strong>conditor</strong></span> <span class='ocrx_word' id='word_1_129' title='bbox 401 3483 494 3554; x_wconf 77' lang='lat' dir='ltr'><strong>pacis,</strong></span> <span class='ocrx_word' id='word_1_130' title='bbox 518 3473 571 3538; x_wconf 83' lang='lat' dir='ltr'><strong>tibi</strong></span> <span class='ocrx_word' id='word_1_131' title='bbox 593 3501 678 3551; x_wconf 81' lang='lat' dir='ltr'><strong>voce,</strong></span> <span class='ocrx_word' id='word_1_132' title='bbox 702 3500 793 3540; x_wconf 89' lang='lat' dir='ltr'><strong>sensu</strong></span> 
     </span>
     <span class='ocr_line' id='line_1_31' title="bbox 438 3567 769 3643; baseline 0.009 -20"><span class='ocrx_word' id='word_1_133' title='bbox 438 3567 596 3643; x_wconf 82' lang='lat' dir='ltr'><strong>pangimus</strong></span> <span class='ocrx_word' id='word_1_134' title='bbox 618 3568 769 3642; x_wconf 87' lang='lat' dir='ltr'><strong>hymnum.</strong></span> 
     </span>
    </p>
   </div>
   <div class='ocr_carea' id='block_1_10' title="bbox 203 3699 899 4037">
    <p class='ocr_par' dir='ltr' id='par_1_13' title="bbox 203 3699 899 4037">
     <span class='ocr_line' id='line_1_32' title="bbox 203 3699 783 3772; baseline 0.009 -15"><span class='ocrx_word' id='word_1_135' title='bbox 203 3699 221 3758; x_wconf 79' lang='grc'>5</span> <span class='ocrx_word' id='word_1_136' title='bbox 244 3700 301 3772; x_wconf 86' lang='lat' dir='ltr'><strong>Qui</strong></span> <span class='ocrx_word' id='word_1_137' title='bbox 324 3709 371 3760; x_wconf 90' lang='lat' dir='ltr'><strong>est</strong></span> <span class='ocrx_word' id='word_1_138' title='bbox 393 3705 486 3762; x_wconf 86' lang='lat' dir='ltr'><strong>virtus</strong></span> <span class='ocrx_word' id='word_1_139' title='bbox 509 3706 666 3763; x_wconf 79' lang='lat' dir='ltr'><strong>manifesta</strong></span> <span class='ocrx_word' id='word_1_140' title='bbox 687 3711 783 3763; x_wconf 90' lang='lat' dir='ltr'><strong>totum</strong></span> 
     </span>
     <span class='ocr_line' id='line_1_33' title="bbox 244 3785 725 3866; baseline 0.01 -23"><span class='ocrx_word' id='word_1_141' title='bbox 244 3785 325 3862; x_wconf 91' lang='lat' dir='ltr'><strong>quod</strong></span> <span class='ocrx_word' id='word_1_142' title='bbox 346 3789 388 3863; x_wconf 90' lang='lat' dir='ltr'><strong>pii</strong></span> <span class='ocrx_word' id='word_1_143' title='bbox 409 3795 545 3864; x_wconf 87' lang='lat' dir='ltr'><strong>possunt,</strong></span> <span class='ocrx_word' id='word_1_144' title='bbox 570 3791 652 3866; x_wconf 90' lang='lat' dir='ltr'><strong>quod</strong></span> <span class='ocrx_word' id='word_1_145' title='bbox 673 3809 725 3848; x_wconf 88' lang='lat' dir='ltr'><strong>ore</strong></span> 
     </span>
     <span class='ocr_line' id='line_1_34' title="bbox 244 3873 899 3951; baseline 0.006 -20"><span class='ocrx_word' id='word_1_146' title='bbox 244 3873 335 3932; x_wconf 83' lang='lat' dir='ltr'><strong>eorde</strong></span> <span class='ocrx_word' id='word_1_147' title='bbox 357 3875 407 3932; x_wconf 88' lang='lat' dir='ltr'><strong>vel</strong></span> <span class='ocrx_word' id='word_1_148' title='bbox 428 3877 516 3934; x_wconf 85' lang='lat' dir='ltr'><strong>iactis</strong></span> <span class='ocrx_word' id='word_1_149' title='bbox 539 3878 663 3951; x_wconf 86' lang='lat' dir='ltr'><strong>eupiunt</strong></span> <span class='ocrx_word' id='word_1_150' title='bbox 684 3878 793 3934; x_wconf 83' lang='lat' dir='ltr'><strong>amoris</strong></span> <span class='ocrx_word' id='word_1_151' title='bbox 891 3908 899 3920; x_wconf 89' lang='lat'><strong>·</strong></span> 
     </span>
     <span class='ocr_line' id='line_1_35' title="bbox 474 3963 732 4037; baseline 0 -19"><span class='ocrx_word' id='word_1_152' title='bbox 474 3963 544 4037; x_wconf 89' lang='lat' dir='ltr'><strong>igne</strong></span> <span class='ocrx_word' id='word_1_153' title='bbox 560 3963 732 4036; x_wconf 86' lang='lat' dir='ltr'><strong>flagrantes.</strong></span> 
     </span>
    </p>
   </div>
   <div class='ocr_carea' id='block_1_11' title="bbox 70 4093 811 4432">
    <p class='ocr_par' dir='ltr' id='par_1_14' title="bbox 70 4093 811 4432">
     <span class='ocr_line' id='line_1_36' title="bbox 243 4093 811 4172; baseline 0.007 -19"><span class='ocrx_word' id='word_1_154' title='bbox 243 4093 301 4166; x_wconf 82' lang='lat' dir='ltr'><strong>Qui</strong></span> <span class='ocrx_word' id='word_1_155' title='bbox 323 4101 376 4153; x_wconf 84' lang='lat' dir='ltr'><strong>tua</strong></span> <span class='ocrx_word' id='word_1_156' title='bbox 398 4102 534 4154; x_wconf 87' lang='lat' dir='ltr'><strong>sanctum</strong></span> <span class='ocrx_word' id='word_1_157' title='bbox 555 4099 669 4172; x_wconf 86' lang='lat' dir='ltr'><strong>pietate</strong></span> <span class='ocrx_word' id='word_1_158' title='bbox 692 4097 811 4156; x_wconf 82' lang='lat' dir='ltr'><strong>Gallum</strong></span> 
     </span>
     <span class='ocr_line' id='line_1_37' title="bbox 70 4179 760 4258; baseline 0.004 -19"><span class='ocrx_word' id='word_1_159' title='bbox 70 4245 73 4254; x_wconf 55' lang='grc'><em>,</em></span> <span class='ocrx_word' id='word_1_160' title='bbox 184 4179 222 4240; x_wconf 83' lang='grc'><strong>10</strong></span> <span class='ocrx_word' id='word_1_161' title='bbox 243 4179 370 4238; x_wconf 84' lang='lat' dir='ltr'><strong>indicem</strong></span> <span class='ocrx_word' id='word_1_162' title='bbox 392 4182 468 4239; x_wconf 84' lang='lat' dir='ltr'><strong>lucis</strong></span> <span class='ocrx_word' id='word_1_163' title='bbox 491 4199 618 4258; x_wconf 86' lang='lat' dir='ltr'><strong>superae</strong></span> <span class='ocrx_word' id='word_1_164' title='bbox 641 4183 760 4253; x_wconf 86' lang='lat' dir='ltr'><strong>dedisti,</strong></span> 
     </span>
     <span class='ocr_line' id='line_1_38' title="bbox 243 4266 768 4328; baseline 0.004 -2"><span class='ocrx_word' id='word_1_165' title='bbox 243 4269 306 4326; x_wconf 85' lang='lat' dir='ltr'><strong>eius</strong></span> <span class='ocrx_word' id='word_1_166' title='bbox 328 4272 362 4324; x_wconf 92' lang='lat' dir='ltr'><strong>ut</strong></span> <span class='ocrx_word' id='word_1_167' title='bbox 384 4266 465 4326; x_wconf 85' lang='lat' dir='ltr'><strong>docti</strong></span> <span class='ocrx_word' id='word_1_168' title='bbox 486 4269 605 4327; x_wconf 90' lang='lat' dir='ltr'><strong>monitis</strong></span> <span class='ocrx_word' id='word_1_169' title='bbox 627 4269 768 4328; x_wconf 86' lang='lat' dir='ltr'><strong>tenebras</strong></span> 
     </span>
     <span class='ocr_line' id='line_1_39' title="bbox 463 4354 742 4432; baseline 0.014 -22"><span class='ocrx_word' id='word_1_170' title='bbox 463 4362 562 4413; x_wconf 89' lang='lat' dir='ltr'><strong>mente</strong></span> <span class='ocrx_word' id='word_1_171' title='bbox 584 4354 742 4432; x_wconf 81' lang='lat' dir='ltr'><strong>fugiamus.</strong></span> 
     </span>
    </p>
   </div>
   <div class='ocr_carea' id='block_1_12' title="bbox 463 4663 480 4704">
    <p class='ocr_par' dir='ltr' id='par_1_15' title="bbox 463 4663 480 4704">
     <span class='ocr_line' id='line_1_40' title="bbox 463 4663 480 4704; baseline 0 -18"><span class='ocrx_word' id='word_1_172' title='bbox 463 4663 480 4704; x_wconf 44' lang='lat' dir='ltr'>q</span> 
     </span>
    </p>
   </div>
   <div class='ocr_carea' id='block_1_13' title="bbox 0 0 1390 5024">
    <p class='ocr_par' dir='ltr' id='par_1_16' title="bbox 0 0 1390 5024">
     <span class='ocr_line' id='line_1_41' title="bbox 0 0 1390 5024; baseline 0 4"><span class='ocrx_word' id='word_1_173' title='bbox 0 0 1390 5024; x_wconf 95' lang='lat' dir='ltr'><strong> </strong></span> 
     </span>
    </p>
   </div>
  </div>
 </body>
</html>
