2732 5026
661 417 670 424 ,

571 451 644 522 ml

190 619 332 692 01444444
354 627 562 692 coactorum
591 603 703 693 4444444
723 625 937 710 capelorum.
982 625 1024 692 ll.

222 725 306 778 Thes.
323 725 346 780 1.
364 743 391 794 p.
410 726 468 781 als
503 724 594 780 Des
612 727 750 781 Michaelc
774 727 915 794 Archang.

139 827 204 882 (iod.
222 827 347 881 Rhenov
368 827 414 896 (R)
458 827 609 882 Moniusl.
628 832 686 882 444.
706 831 828 897 quatuor
846 845 918 884 saec.
938 829 1013 882 XIV.
1033 832 1061 884 44
1079 830 1140 884 XV

82 895 155 949 libros
172 895 320 950 consuluit.
356 896 408 963 (M)

152 994 181 1052 2.
210 991 245 1050 R
275 997 405 1049 auctor
434 992 522 1048 hum.
544 1019 588 1030 -
611 997 650 1049 et
672 997 751 1050 rect
757 1011 806 1050 or.
853 995 899 1051 11.
928 983 968 1051 M.
998 995 1141 1052 veniat.

85 1075 122 1134 ¹7.
140 1077 172 1136 R.
197 1080 263 1134 sic.
312 1078 359 1136 19.
382 1078 422 1135 Μ.
445 1079 629 1136 assistat.

15 1217 20 1224 .
137 1168 181 1222 Os.
200 1167 247 1222 Oa.
265 1169 295 1222 P.
315 1171 338 1222 4.
356 1169 456 1222 mitti.
493 1171 532 1223 ll.
553 1170 711 1222 assistat.

63 1389 150 1459 ’4444
176 1387 318 1461 Christe
333 1391 504 1479 splendor
513 1394 649 1480 patric,
672 1395 754 1469 otta,
769 1393 884 1459 444444
902 1393 1068 1462 cordium.
1098 1373 1147 1462 R.
1246 1376 1248 1382 ⁵

255 1493 340 1546 Thes.
358 1491 379 1546 1.
398 1509 423 1562 p.
442 1493 499 1549 22⁰.
544 1491 635 1547 Des
654 1493 791 1547 Michaele
809 1495 951 1562 Archang.

136 1611 231 1667 Codex
249 1603 374 1666 Rhenov
393 1612 440 1680 (lt)
475 1610 610 1667 MonioI.
674 1612 731 1665 440.
750 1616 865 1680 praesto
883 1583 998 1666 fuerunt
1015 1614 1139 1695 quidque

80 1681 180 1735 codices
198 1697 271 1734 saec.
284 1680 358 1734 XIV.
377 1685 406 1734 44
416 1681 476 1734 XV
504 1630 731 1744 Dresesplned
721 1682 779 1734 und
789 1679 840 1734 No
855 1681 938 1748 ild(
928 1681 1140 1750 (Mysteriorum

79 1747 197 1818 signifer)
222 1749 355 1802 444444444
379 1748 467 1802 4444444
489 1747 583 1802 Inhalt
605 1749 677 1802 nach
699 1749 744 1802 fur
767 1749 829 1802 eine
852 1749 1013 1804 bestimmte
1034 1750 1139 1806 Kirche

79 1821 207 1884 gemacht,
227 1819 273 1872 dic
292 1817 348 1870 den
364 1816 519 1892 llrzengcl
523 1817 643 1870 Michacl
661 1833 724 1869 zum
741 1817 846 1870 Patron
863 1819 970 1878 hatte“

50 1927 55 1948 ⁸
154 1931 237 1990 414
259 1931 406 2000 vitaac
428 1932 566 1988 virtus.
604 1928 1139 1990 6.R.diab01u1n.-8.R..mun-

45 2013 139 2077 .dos.
182 2016 270 2075 Brev.
292 2014 348 2072 Ab.
372 2016 401 2074 4.
424 2014 685 2074 collaudemus.
902 2015 907 2034 '

136 2125 183 2180 Oa.
202 2125 247 2179 Os.
266 2125 297 2178 P.
315 2124 349 2178 D.
368 2140 424 2177 non
443 2124 613 2194 discrepant.

152 2239 187 2296 In
208 2237 424 2298 recentioribus
447 2237 607 2296 Breviariis
636 2236 834 2314 quorundam
849 2233 984 2294 ordinum
1013 2253 1048 2294 ac
1070 2255 1139 2312 prc-

77 2325 231 2382 rinciarum
252 2325 340 2388 festa,
354 2340 474 2400 qnoque
498 2323 526 2381 S.
550 2321 697 2380 Gabrielis
725 2340 759 2379 ac
782 2322 945 2397 Raphaelis
969 2327 1059 2380 cantu
1080 2321 1138 2378 Ra·

77 2407 139 2468 bani
165 2415 357 2478 exornantur,
385 2413 500 2466 mutata
527 2413 626 2490 tamen
660 2409 785 2483 stropha
818 2407 958 2466 secunda.
1003 2408 1139 2466 Alterum

78 2495 283 2572 archangelum
304 2497 346 2552 ita
368 2499 493 2552 canunt:

196 2613 408 2672 collaudamus
429 2618 608 2672 venerantes
632 2629 734 2670 omnes
758 2613 834 2670 coeli
856 2611 975 2680 milites,

196 2699 251 2758 sed
273 2702 450 2774 pracsertim
473 2699 642 2756 Gabrielem
664 2698 719 2756 Dei
740 2689 838 2756 Patris
861 2699 995 2754 nuntium

197 2785 235 2842 ad
257 2785 392 2854 Mariam,
416 2790 507 2860 atquc
529 2783 612 2842 verbi
633 2783 807 2840 incarnandi
829 2781 1002 2858 pronubum.

156 2923 288 2980 Tertium
309 2921 385 2980 hacc
409 2921 534 2996 stropha
557 2919 702 2978 celebrat:

196 3057 419 3127 Collaudantes‚
443 3061 621 3124 venerantes
643 3074 746 3114 omnes
762 3057 838 3128 coeli
851 3057 1012 3132 principes,

186 3144 252 3203 ‚sed
274 3147 437 3220 praecipue
459 3143 579 3202 fidelem
601 3141 748 3199 medicum
772 3148 803 3198 et
826 3144 973 3209 comitem,

95 3303 100 3318 Ι
195 3231 381 3306 Raphaelem
402 3232 433 3288 in
454 3232 565 3288 virtute
588 3229 761 3304 alligantem
784 3227 966 3284 daemonem.

141 3439 247 3510 Nunc
269 3441 507 3529 incipiendum
532 3445 586 3510 cst
606 3459 770 3526 acapnum
790 3437 872 3504 444144
890 3437 1067 3522 quadrum.

155 3570 318 3645 Ratpertus
341 3571 514 3646 monachus,
538 3570 677 3638 Notken',
701 3563 791 3644 quem
812 3565 1030 3641 insequentiis
1052 3564 1139 3620 mira·

81 3669 146 3724 mur,
167 3655 399 3730 condiscipulus,
422 3657 494 3713 fecit
508 3673 627 3712 carmen
642 3653 829 3711 barbaricum
843 3651 955 3725 populo
977 3652 1007 3707 in
1022 3647 1142 3705 laudem

84 3743 168 3798 sancti
189 3741 267 3800 Galli
291 3739 464 3799 canendum.
508 3740 596 3811 Quod
619 3758 673 3797 nos
696 3737 789 3795 multo
812 3739 941 3811 impares
964 3736 1083 3802 homini,
1109 3737 1141 3790 ut

84 3826 135 3884 tun
156 3827 250 3884 dulcis
272 3826 401 3884 melodia
426 3827 518 3884 latine
544 3825 676 3892 luderet,
705 3840 794 3898 quarn
821 3823 953 3896 proxime
979 3821 1139 3894 potuimus,

12 3919 14 3926 ’
84 3909 108 3966 44
125 3912 245 3970 latinum
265 3911 481 3970 transtulimus.
1170 3901 1180 3909 ’

138 4047 159 4105 Ι.
178 4049 264 4106 Nunc
286 4047 487 4124 incipiendum
510 4053 558 4106 444
579 4049 650 4104 mihi
672 4063 813 4120 magnum
836 4039 991 4122 gaudium:

179 4133 357 4194 sanctiorem
380 4135 605 4214 nullumquam
628 4138 764 4191 sanctum
786 4147 918 4206 unquam
940 4129 1067 4188 Gallum.

178 4222 257 4277 misit
278 4221 371 4276 tilium
393 4219 551 4287 Hibernia;
574 4221 690 4294 recepit
712 4221 828 4292 patrem
851 4217 968 4273 Suesia.

179 4305 351 4363 Ernltcmus
374 4322 476 4362 omnes
498 4304 655 4362 laudemus
679 4304 830 4360 Christum
852 4301 973 4376 pariles,
1071 4335 1075 4342 ·

182 4395 302 4448 sanctos
325 4389 523 4450 advocantem
546 4395 577 4448 et
592 4389 815 4466 glorificantem.
