2732 5026
578 377 636 448 181

301 558 446 620 25'Laus
470 563 501 617 et
522 559 617 616 honor
639 559 692 617 tibi
715 559 834 618 Christe

362 663 422 702 nna
445 663 512 704 cum
533 651 680 722 regnante
702 645 792 703 Patre

363 733 511 807 almoque.
525 733 612 789 simul
633 731 758 790 Flamini

362 819 413 874 uni
436 817 492 875 sub
514 819 591 876 trino
614 819 741 874 nornine.

154 953 242 1014 Mune
265 953 316 1010 III.
338 972 368 1027 p.
393 953 442 1012 98.
467 953 530 1020 (Hs.
555 923 594 1012 au
616 953 748 1011 Admont
773 957 819 1014 12.
832 907 936 1012 Jahrlr.
974 955 1027 1012 Hs.
1052 973 1088 1012 zu
1111 955 1140 1012 S.

81 1037 209 1096 Peterin
233 1038 380 1114 Salzbnrg
405 1039 451 1098 12.
468 1037 573 1096 Jahrh.
612 1039 665 1096 Hs.
688 1057 724 1096 zu
745 1041 912 1116 Wiirzbur'g
928 1039 1032 1105 Theol.
1055 1057 1139 1115 perg.

82 1125 126 1181 No.
142 1125 189 1184 34.
205 1125 256 1182 sol.
282 1125 332 1182 alt.
355 1141 423 1181 aus
446 1122 528 1180 dem
553 1126 600 1182 ll.
623 1121 768 1192 J'ahrh.)
808 1127 854 1186 12.
878 1127 915 1183 in
937 1127 1025 1194 ima,
1047 1130 1138 1183 recte.

354 1351 501 1420 11111111
526 1355 610 1422 aula
632 1355 771 1421 coelico.
813 1351 858 1419 H.

346 1453 469 1508 Thesl.
492 1471 519 1524 p.
538 1457 597 1510 241.
632 1455 676 1510 De
696 1455 722 1510 S.
741 1455 865 1510 Meclao.

59 1627 62 1634 .
133 1585 252 1642 Exultat
275 1585 344 1642 aula
366 1580 489 1654 coelica,
668 1585 759 1656 Cuius
782 1585 885 1642 tumba
906 1585 964 1642 fert
987 1584 1086 1642 oleum

133 1671 268 1736 laetetur!
283 1669 384 1742 mundi
406 1670 551 1738 machina,
666 1673 768 1728 matris
791 1672 886 1728 olivae
909 1671 1052 1738 nescium,
1137 1651 1140 1676 ¹

134 1753 202 1812 dum
223 1755 320 1813 refert
341 1756 413 1812 solis
437 1753 533 1812 orbita
559 1754 645 1831 315
669 1756 751 1832 quod
772 1761 879 1812 natura
901 1775 961 1812 non
982 1757 1116 1830 protulit,

132 1841 247 1898 Nicolai
268 1841 433 1899 sollemnia.
666 1857 794 1898 marmor
817 1840 952 1898 sudando
978 1843 1115 1916 parturit

96 1961 197 2032 tnui,
211 1949 331 2036 {agitas
353 1962 494 2018 infantiae
670 1961 695 2018 0
719 1959 887 2020 venerande
909 1961 1051 2034 pontifex,

134 2047 288 2104 decoravit
309 2047 441 2114 mirifice,
667 2049 735 2120 pius
758 2063 813 2102 nec
836 2045 940 2102 tardus
963 2046 1061 2120 opifex

133 2131 206 2189 dans
228 2134 372 2191 virtutum
393 2131 554 2206 primordia
668 2133 783 2189 cunctis
807 2133 857 2206 qui
881 2129 970 2188 corde
994 2129 1116 2189 credulo

51 2207 56 2216 ’
83 2234 87 2236 ·
132 2219 208 2275 inter
231 2222 315 2287 ortus
338 2216 477 2292 tripudia.
604 2218 646 2278 20
669 2224 699 2294 te
722 2221 870 2293 quaerunt
892 2218 922 2274 in
943 2217 1086 2291 periculo.

133 2337 246 2406 Quarta
269 2353 335 2393 cum
358 2341 443 2394 sexta
464 2337 538 2394 feria
667 2337 759 2394 Auser
781 2339 884 2394 mortis
908 2335 1073 2410 dispendia,

16 2443 17 2446 ¹
81 2421 114 2480 10
135 2423 227 2480 semel
250 2424 378 2497 sugebat
399 2421 502 2490 ubera,
668 2424 769 2480 confer
790 2425 870 2480 vitae
894 2421 1051 2496 stipendia,

132 2509 241 2564 iamin
265 2513 365 2564 aetate
386 2513 491 2566 tenera
669 2525 728 2583 qno
743 2513 822 2582 ‘post
845 2510 942 2564 carnis
966 2507 1052 2565 exilia

132 2593 188 2650 hac
210 2611 284 2650 usus
307 2594 495 2652 abstinentia.
668 2599 768 2650 tecum
791 2595 882 2650 simus
904 2594 934 2650 in
956 2593 1070 2668 gloria:

356 2713 483 2770 Praesta
503 2711 594 2768 Pater
615 2713 748 2788 ingenite
771 2717 828 2769 etc.

151 2851 241 2908 Mone
264 2851 314 2908 ΠΙ.
337 2869 367 2924 p.
391 2849 463 2910 460.
487 2866 503 2906 e
527 2847 613 2908 codd.
635 2866 676 2905 sc.
701 2849 762 2906 XV.
783 2876 827 2885 -
849 2849 877 2908 8.
904 2853 1015 2906 artus.
1043 2845 1139 2904 Adest
1223 2839 1227 2845 ”

78 2937 192 3010 stropha
208 2939 351 3011 septima:
370 2935 435 3007 Qui
450 2935 606 2992 laetaris
624 2952 702 2990 cum
717 2935 879 3010 angelis,
897 2935 1046 2990 exultas
1063 2951 1138 2990 curn

26 3011 31 3019 ’
78 3021 323 3097 archangelis,
355 3017 565 3095 tiiumphas
596 3036 673 3076 cum
695 3019 881 3094 apostolis
903 3021 938 3077 in
969 3019 1138 3076 saeculo·

77 3099 338 3165 rumsaeculis.
429 3121 431 3124 ·
608 3117 611 3124 ’
788 3133 792 3135 >

506 3219 706 3227 ...ουκ-...αφ

111 3410 114 3411 ⁷
183 3360 188 3374 .
253 3335 410 3404 Plemini
430 3336 563 3404 laetitio
585 3335 648 3402 lna
669 3337 854 3403 hodierna.
899 3332 942 3402 ll.
1129 3388 1131 3392 ,

201 3443 207 3450 ’
485 3437 530 3490 De
550 3437 578 3491 S.
596 3436 720 3492 Nicolao.
1044 3462 1048 3468 -

294 3566 422 3624 Plaudet
443 3567 560 3624 laetitia
581 3568 631 3623 lux
653 3566 798 3624 hodierna

292 3670 349 3711 vox
372 3653 448 3710 coeli
469 3653 582 3721 iubilet‚
607 3657 687 3710 terra
709 3653 846 3719 resultet,

292 3743 431 3814 promant
451 3737 542 3796 laude
563 3739 614 3812 pia
636 3737 747 3814 gaudia
770 3736 867 3812 digna.

293 3857 418 3921 Praesul
440 3859 621 3932 praecipuus
646 3868 705 3938 qua
727 3857 869 3914 Nicolaus

133 3963 138 3967 ’
248 3943 266 4002 5
291 3943 387 4002 defert
410 3942 448 4000 ad
470 3945 627 4000 Dominum
649 3949 720 4002 vota
742 3947 901 4018 rogantum

293 4030 408 4103 pellens
431 4031 497 4104 ipse
519 4047 610 4104 prece
632 4031 719 4086 noxia
742 4047 889 4104 quaeque.
921 4093 923 4096 ¹

293 4149 349 4206 Hic
372 4151 457 4224 agnis
479 4149 597 4206 Domini
618 4148 729 4224 pabula
751 4141 857 4207 verbi‘

297 4233 387 4292 donat
410 4251 572 4308 corporeae
596 4241 730 4310 tempore
753 4237 833 4293 vitae

297 4319 498 4396 dispensando
520 4319 580 4378 fide
602 4321 720 4396 pondus
742 4321 845 4378 herile.
