2772 5024
589 397 652 472 11⁹

107 584 217 658 lectione
247 579 356 638 codicis
388 579 620 654 Herbipolitaui‚
656 581 728 638 olim
754 581 910 639 monachis
939 581 1160 642 Ebracensibus

107 671 209 725 usitato.
251 665 385 742 Eundem
407 667 546 722 carminis
577 671 691 722 textum
719 668 832 724 invenit
853 667 973 724 Monius
1002 670 1032 724 in
1055 671 1160 726 charta

107 751 463 822 monasteriiLiohtenthal
479 761 557 826 saec.
575 750 652 818 XIV,
669 751 750 825 quod
764 751 867 810 itidem
882 755 1025 810 moniales
1049 755 1159 812 Cister-

106 842 203 896 cicnses
238 837 378 894 obtinent.
438 837 541 892 Variat
569 855 596 894 v.
629 835 657 914 6
696 837 885 902 subiectis.
944 839 994 898 20.
1035 842 1156 898 simus

106 925 235 998 dymnum
268 922 306 978 ad
345 921 587 979 cisterciensium
624 939 757 977 normam
787 921 932 980 directum
963 925 1160 998 antiquiorem

106 1014 177 1083 putat
189 1009 304 1064 Monius
328 1025 455 1082 eumque
471 1009 553 1080 typis
577 1007 704 1074 excudit,
726 1009 770 1063 ita
785 1013 884 1064 tamen
907 1013 940 1064 ut
962 1027 988 1065 v.
1013 1010 1054 1068 26
1076 1015 1160 1068 recte

105 1092 402 1168 mutarit-quamdiu
425 1109 557 1149 sumus.
603 1093 663 1148 Der
685 1095 778 1161 altere
804 1095 881 1149 Tecct
908 1096 949 1150 ist
969 1097 1159 1170 repelmc’s’ssiq

105 1181 165 1236 noct
184 1179 233 1236 der
254 1179 408 1251 Betonuoq
430 1180 538 1252 petant
567 1179 629 1234 aad
655 1175 708 1234 aar
731 1181 815 1234 -seinc
845 1179 908 1254 edla
930 1179 1048 1251 Einsolt
1068 1181 1159 1238 droco

104 1265 141 1321 die
158 1265 274 1336 friilzere
300 1261 543 1336 Ueterarheilunq
565 1265 619 1319 soie
645 1263 832 1334 ooot'durcls
858 1265 906 1322 die
927 1266 1081 1320 meirisclse
1102 1267 1159 1321 Be-
1193 1316 1197 1323 ,

106 1350 252 1424 riodtiquoq
269 1343 314 1405 'im
337 1349 496 1404 romischea
526 1349 650 1404 Brevicr
678 1350 818 1404 veriores.
865 1348 983 1404 Sacculi
1014 1351 1088 1405 sexti
1111 1351 1159 1407 vel

105 1436 205 1508 septimi
227 1451 295 1490 esse
320 1449 439 1497 carmen
460 1433 530 1489 Viro
553 1433 649 1489 Docto
671 1451 849 1512 persuasum
873 1439 928 1489 est.

172 1553 307 1610 Athaco
331 1553 429 1608 omnia
452 1568 487 1607 ex
509 1567 576 1608 mea
593 1554 742 1608 sententia
766 1551 913 1613 dissident
936 1569 1048 1609 avero.
1080 1553 1159 1610 Ante

104 1639 330 1696 cisterciensium
352 1635 485 1694 ordinem
500 1636 652 1694 conditum
666 1639 749 1694 nulla
764 1642 863 1694 exstat
878 1638 1058 1706 membrana,
1083 1643 1161 1713 quae

104 1726 264 1798 scripturam
285 1723 376 1778 illam
405 1723 602 1796 antiquiorem
632 1723 865 1796 complectatur:
906 1727 1010 1780 contra
1040 1728 1161 1798 praeter

103 1803 278 1866 Thomasi'um
301 1813 363 1864 tres
387 1806 496 1864 adsunt
513 1805 633 1862 codices
657 1824 735 1876 saec.
753 1807 788 1864 X.
805 1812 836 1863 et
850 1807 911 1874 xi,
928 1809 1051 1881 vulgato
1067 1811 1161 1865 textui

102 1897 218 1970 patroni:
241 1893 461 1949 Rhenoviensis
487 1893 555 1948 111.
581 1909 660 1948 saec.
684 1892 719 1948 X.
743 1891 788 1957 (R.
808 1890 845 1960 1),
869 1892 1086 1950 Rhenovicnsis
1109 1894 1159 1952 91.

103 1997 169 2036 saec.
197 1979 246 2035 XI.
275 1977 322 2046 (R.
347 1977 377 2042 2)
405 1995 440 2034 ac
471 1976 565 2033 codex
593 1977 783 2033 Monacensis
813 1977 867 2032 No.
896 1975 998 2036 17627
1021 1993 1099 2034 saec.
1124 1979 1160 2034 X.

102 2063 153 2131 (ll),
175 2083 261 2139 quem
285 2063 397 2120 evolvit
425 2063 552 2120 Monius.
598 2061 705 2137 ltaque
734 2079 771 2118 nc
793 2061 912 2117 Monius
942 2060 1061 2136 quidem
1090 2063 1162 2119 milli
1247 2079 1249 2092 ·

22 2187 43 2208 ,ψ
104 2150 296 2223 persuadebit,
321 2149 499 2222 scripturam
514 2147 616 2220 hymni
639 2165 717 2204 saec.
734 2147 812 2204 XIII.
832 2152 868 2230 et
890 2147 966 2204 XIV.
991 2148 1161 2222 evulgatam

23 2237 24 2242 ’
102 2237 284 2310 antiquiorem
308 2251 377 2290 csse
400 2233 460 2300 illa,
484 2249 561 2307 quae
583 2233 695 2289 saeculi
719 2231 880 2306 decimiet
894 2231 1042 2290 undecimi
1064 2233 1161 2290 firma-

101 2323 141 2376 tur
160 2321 338 2378 testimonio.
407 2353 409 2358 -
431 2345 435 2354 ·

170 2441 221 2496 11.
244 2441 281 2495 Β.
310 2440 335 2495 l.
357 2439 528 2512 ingressu
549 2435 823 2494 honestissimo.
869 2436 903 2492 R.
927 2439 956 2497 2.
980 2437 1161 2494 honestis-

102 2526 211 2582 simae.
260 2525 309 2583 12.
329 2523 368 2578 R.
388 2525 413 2580 1.
439 2522 652 2578 clausulam.
700 2521 824 2581 17-26
839 2523 869 2578 in
890 2522 985 2578 tribus
999 2521 1161 2588 ,codicibus

21 2641 23 2654 ι
101 2609 235 2684 leguntur.
282 2609 334 2669 26.
357 2607 391 2665 R.
418 2609 442 2664 l.
466 2607 673 2663 observans.
718 2607 758 2662 M.
784 2605 967 2664 observet.
1074 2631 1076 2635 ·

117 2785 140 2838 ‘b
158 2720 180 2772 8.
197 2717 231 2770 D.
251 2717 313 2772 eis.
346 2719 384 2770 16.
398 2715 433 2768 D.
453 2714 500 2769 Ca.
520 2715 564 2770 Os.
585 2715 615 2768 P.
634 2719 717 2767 nutu
734 2716 901 2768 fatentur.
930 2713 1160 2769 17-20.inom·
1254 2737 1258 2740 ·

101 2801 240 2840 nouom,
1055 2799 1059 2806 ·

174 2899 286 2956 Notatu
310 2897 431 2972 dignum
454 2903 500 2954 est
523 2895 657 2954 codicem
678 2895 773 2952 Rhen.
798 2913 877 2952 saec.
898 2895 933 2973 X.
955 2895 1097 2970 hymnum
1120 2897 1162 2952 uti
1243 2918 1250 2927 ·

98 2984 287 3058 'appendicem
298 2983 421 3058 reliquis
437 2983 655 3058 quinquaginta
668 2983 805 3058 quinque·
816 2980 985 3058 adiungere.
1022 2967 1163 3037 Nascitur

101 3069 163 3127 mihi
183 3069 251 3126 inde
276 3069 407 3142 suspicio
425 3062 544 3124 carmen
560 3068 668 3126 ceteris
683 3069 843 3136 recentius,
866 3068 995 3123 fortasse
1007 3067 1073 3140 ipso
1098 3081 1163 3122 sae-

104 3155 161 3211 culo
172 3154 297 3224 decimo
321 3155 527 3228 compositum.

262 3374 265 3377 ’
394 3377 527 3449 Corioli
548 3385 694 3448 colerae
714 3380 876 3446 clamitat.

186 3483 269 3538 Thes.
288 3483 309 3535 Ι.
327 3499 354 3550 p.
372 3482 430 3536 274.
466 3479 510 3534 De
529 3481 699 3534 Adventus.
720 3481 755 3532 de
774 3477 929 3531 Nativitate
947 3475 1068 3550 Domini.

159 3597 268 3654 Christi
291 3600 412 3652 caterva
435 3594 576 3661 clamitat,
691 3583 821 3649 Verbum
833 3589 1002 3663 profectum
1013 3583 1163 3662 proditum

158 3699 256 3740 rerum
277 3681 394 3758 parenti
408 3680 575 3759 proximas,
632 3679 670 3736 lo
693 3677 761 3733 tulit
782 3679 898 3732 reatum
927 3674 1080 3729 criminum
1133 3675 1139 3687 ‘

160 3784 233 3841 quas
257 3783 325 3824 essc
348 3766 448 3832 sentit,
472 3764 585 3838 gratias
693 3769 895 3834 sumensque
919 3763 1053 3814 nostrum
1098 3757 1164 3830 pul-

160 3850 325 3927 laudesque
342 3854 461 3924 promat
475 3850 625 3906 maximas.
784 3899 791 3908 ,,
985 3859 1087 3900 veram

142 3941 145 3948 '
694 3931 798 3986 mortis
820 3929 947 4004 peremit
968 3929 1141 4005 prinoipem.

99 4037 351 4130 ¹5Vatum'poli
375 4053 497 4110 oracula
564 4127 566 4132 s
694 4049 723 4104 Α
744 4053 839 4106 matre
861 4051 948 4104 natus
972 4043 1107 4132 tempore

161 4139 286 4212 perfecit
308 4139 378 4196 olim
400 4136 519 4204 tradita,
696 4133 749 4190 sed
773 4133 970 4207 sempiternus
994 4148 1011 4188 a
1032 4135 1129 4206 patre,

163 4240 230 4280 cum
251 4241 305 4280 nos
327 4222 453 4280 redemit
475 4223 579 4280 unicus
634 4219 670 4280 15
695 4217 810 4276 duabus
833 4220 862 4275 in
885 4216 1059 4276 substantiis
1129 4257 1134 4265 ,

164 4309 291 4368 factoris·
306 4307 386 4366 orbis
408 4307 496 4366 filius.
627 4383 630 4388 1
693 4320 825 4380 persona
848 4303 913 4360 sola
939 4305 986 4358 cst
1007 4297 1142 4356 numinis,
