2822 5026
642 433 676 482 Π

114 593 207 654 saria
227 592 305 654 risa
326 597 392 667 est3
416 605 531 652 aarum
553 587 726 668 dispositio
748 590 850 652 alium
872 587 907 652 ιιι
927 567 1071 666 modam,
1094 607 1193 670 quern
1277 615 1284 636 ι

3 719 5 756 ι
116 712 186 756 non
209 693 456 771 displiciturum
478 693 659 770 speramus,
681 695 835 756 instituta
856 698 915 756 est.

206 796 274 858 Sed
295 797 364 856 iam
387 800 518 872 tempus
541 795 603 856 erit
623 797 786 858 rationem
806 796 944 858 reddere
958 796 1136 858 lectoribus
1152 796 1194 859 dc

119 899 286 960 subsidiis
308 899 351 960 ad
373 899 457 959 haec
472 897 708 974 Supplementa
728 899 763 960 in
785 913 883 960 usum
905 899 1047 973 rotatim
1070 915 1109 960 ao
1130 898 1194 974 pri·

118 1019 214 1064 mum
238 1000 373 1080 quidem
396 999 606 1062 defectibus
628 1000 778 1062 codicum
804 1003 1124 1078 manuscriptorum
1146 1000 1195 1062 di-

120 1103 281 1178 cendum,
320 1117 403 1181 quos
425 1103 459 1162 ιιι
480 1103 600 1164 itinere
630 1107 808 1164 auctumno
837 1105 915 1164 anni
949 1103 1128 1181 superioris
1160 1103 1195 1164 ιιι

118 1206 296 1268 Helvetios
318 1189 406 1266 facto
427 1203 495 1266 ridi
517 1221 556 1266 ac
577 1209 694 1266 nactus
717 1219 800 1268 sum.

206 1309 271 1368 Est
290 1307 456 1370 ininsula
469 1308 591 1398 Rheni,
612 1323 714 1385 prope
738 1308 987 1370 celeberrimam
1001 1308 1092 1370 illam
1107 1311 1194 1370 cata·

119 1414 267 1483 metm,
304 1409 485 1485 spectabile
518 1411 757 1472 monasterium
791 1410 923 1472 Ordinis
958 1409 988 1473 S.
1016 1410 1195 1477 BenedIotl

121 1512 213 1592 quod
248 1529 270 1573 a
289 1511 425 1589 limpido
458 1511 595 1572 flumine
627 1527 741 1574 muros
773 1513 918 1574 alluente
950 1529 1073 1574 nomen
1105 1511 1197 1574 duxit

120 1614 328 1676 RhenorIse.
370 1614 558 1675 Fundatum
573 1629 633 1692 per
646 1613 864 1676 Alamanniae
887 1616 1046 1693 dynastas
1062 1615 1195 1677 saeculo

119 1719 205 1780 VIII
229 1731 333 1795 quum
355 1716 448 1776 bravi
469 1717 611 1792 insigms
635 1719 798 1778 erasisset
818 1733 878 1793 per
900 1723 1049 1780 sanctam
1072 1717 1102 1779 S.
1120 1719 1195 1778 Fin-

120 1821 192 1881 tani
220 1819 327 1880 vitam
348 1815 456 1890 (cuius
472 1821 512 1906 et
533 1820 607 1896 ipsa
632 1833 710 1880 ossa
739 1821 773 1880 in
796 1819 936 1880 ecclesia
965 1815 1194 1891 adservantur)

122 1921 244 1984 exinde
267 1921 437 1980 doctrinae
463 1921 662 1982 christianae
692 1922 790 1982 sedes
818 1923 1009 1998 permansit.
1053 1921 1194 2000 cognita

122 2025 225 2102 igitur
249 2039 291 2084 ex
312 2022 463 2084 dalmatii
485 2023 601 2096 indice,
623 2024 657 2082 in
679 2023 879 2084 bibliotheca
893 2024 1118 2084 Rhenovienri
1141 2039 1195 2084 ex·

130 2130 215 2186 stare
242 2125 357 2202 plures
389 2125 518 2186 codices
548 2140 608 2186 ms.
630 2126 908 2202 hymnologorum
931 2125 1049 2187 studiis
1073 2125 1196 2203 dignis·

125 2229 245 2302 simos,
282 2243 323 2288 ex
346 2241 431 2288 saec.
453 2228 516 2300 XI,
538 2227 587 2300 X„
610 2231 710 2306 atque
733 2243 774 2288 ex
795 2228 846 2290 lx.
869 2233 903 2290 et
923 2229 1007 2289 VIII.
1030 2228 1196 2301 oriundos,

122 2345 341 2408 magnacum
360 2331 586 2406 expectatione
602 2330 679 2390 illuc
693 2331 843 2406 migrari.
886 2329 927 2390 Et
940 2329 1087 2407 proiecto
1103 2345 1197 2406 apem

121 2449 190 2493 non
212 2430 331 2492 falcilia
349 2433 500 2492 aventus.
543 2431 658 2492 Plures
682 2432 811 2492 codices
834 2432 965 2493 illorum
988 2432 1196 2492 saeculorum

122 2535 215 2614 quod
239 2549 303 2610 ego
326 2533 430 2594 solam
451 2532 598 2594 nondum
620 2534 740 2608 collati,
762 2551 851 2594 nme
866 2535 1007 2610 inspecti
1030 2537 1108 2594 sunt
1128 2548 1197 2594 ma·

119 2637 211 2698 xime
228 2635 348 2708 idonei,
371 2635 490 2712 quibus
513 2622 658 2712 genuina
679 2637 858 2696 multorum
877 2637 1076 2713 hymnorum
1091 2634 1198 2696 forma

121 2741 329 2817 agnoscatur
349 2737 404 2797 vel
426 2737 620 2798 ostendatur
634 2738 812 2798 saeculum.
855 2739 1122 2800 Praetermitiere
1140 2753 1197 2796 au·

120 2847 194 2902 tem
227 2855 297 2900 non
323 2855 474 2916 possum,
508 2839 586 2918 quin
621 2839 812 2916 gratissImo
846 2840 958 2900 animo
992 2839 1196 2915 singularem

123 2957 386 3020 commemorem
413 2941 671 3014 humanitatem,
708 2957 774 3020 qna
802 2941 912 3006 aditus
941 2941 984 3002 ad
1012 2941 1087 3004 illas
1116 2953 1197 3017 opes

123 3061 352 3108 conoessuac
374 3045 536 3106 beneficIo
557 3044 839 3106 Reuerendissimi
861 3043 1001 3104 Abbatis
1031 3042 1113 3104 mihi
1141 3057 1198 3119 pa·

124 3147 268 3209 tefaotus
291 3149 357 3221 est3
394 3162 456 3206 nec
477 3147 587 3223 magis
609 3162 747 3222 possum
777 3163 905 3207 comem
929 3145 1197 3222 hospitalitatem,

125 3267 191 3329 qua
212 3251 292 3310 Rev.
315 3248 504 3310 Conventus
526 3263 581 3308 me
603 3251 735 3325 recepit,
758 3249 858 3326 digne
880 3247 1024 3308 laudare.

210 3352 305 3424 Tum,
328 3367 529 3430 quamquam
551 3367 618 3412 non
634 3351 788 3424 dubitavi,
812 3351 890 3428 quin
906 3349 1040 3410 Monius
1064 3366 1130 3427 qua
1145 3363 1197 3410 so-

122 3458 171 3516 let
194 3454 368 3531 diligentia
391 3453 520 3514 oodIces
543 3453 763 3514 bibliothecae
785 3451 852 3512 San
875 3451 1041 3514 Gallensis
1064 3451 1098 3512 in
1121 3465 1197 3527 ope-

121 3560 170 3618 ris
193 3557 246 3617 sui
270 3571 367 3616 usum
391 3555 602 3628 converterit,
625 3554 734 3616 iacere
757 3559 869 3615 tamen
891 3570 959 3617 non
981 3554 1082 3630 potui,
1104 3567 1197 3629 prae·
1282 3613 1284 3628 ,

124 3659 343 3720 clarissimam
367 3657 397 3719 S.
414 3657 499 3718 Galli
521 3657 622 3718 liliam
644 3657 934 3735 venerabilemque
957 3660 1096 3716 matrem
1122 3671 1197 3715 cum

124 3762 235 3822 omnis
263 3760 432 3820 doctrinae
461 3763 533 3820 tum
554 3759 666 3835 poesis
689 3759 933 3820 ecclesiasticae
957 3757 1198 3818 Germanorum

124 3867 162 3922 nt
183 3863 407 3939 praeterirem.
450 3861 566 3939 Neque
588 3863 762 3922 consillum
785 3860 866 3920 illud
888 3859 1123 3920 labefactatum
1146 3861 1198 3920 est

125 3981 173 4037 eo,
198 3964 287 4042 quod
309 3964 399 4052 libris
421 3965 505 4024 mais
519 3965 712 4042 itinerisque
728 3963 943 4023 armamentis
958 3965 1089 4038 praeter
1103 3975 1198 4038 spem

125 4067 334 4127 morantibus
369 4068 442 4142 ipsa
476 4065 609 4126 fortuna
641 4082 695 4126 me
730 4065 873 4125 retinere
906 4063 992 4124 velle
1028 4065 1102 4125 risa
1139 4067 1198 4124 est

123 4169 287 4230 Nimirum
309 4171 403 4228 tanto
425 4169 533 4245 magis
556 4167 637 4228 mihi
660 4183 743 4243 opus
758 4172 836 4240 erat,
859 4171 895 4228 ui
910 4167 1065 4226 Virorum
1079 4167 1198 4226 Docto-

124 4287 200 4330 rum
214 4269 504 4331 San-Gallenaium
529 4271 667 4330 comitas
689 4269 897 4347 facilitasque
921 4267 1093 4329 desideriis
1112 4267 1196 4326 meir

125 4373 221 4450 quasi
242 4372 380 4432 obuiam
400 4371 606 4447 procederet,
645 4375 679 4431 ct
701 4372 901 4446 gravissima
929 4379 1125 4444 summaque
1148 4367 1197 4426 rei
1321 4404 1325 4410 -
1402 4347 1406 4464 ἶ
