2822 5026
969 360 973 368 ι
1074 357 1075 366 t

957 434 963 443 ι

750 523 753 534 ¹
760 444 807 528 κ
857 509 860 522 l

429 743 433 750 ,
520 663 664 743 Mediae
687 665 801 736 nocte
829 667 965 752 tempus
987 667 1049 736 ert.
1139 737 1142 744 ,

539 783 622 840 Thes·
640 781 661 836 1.
679 797 706 850 p.
724 783 764 838 lt.
800 781 845 842 Ad
863 784 1036 844 scammum.

306 937 309 947 ·
337 911 503 990 Descripsit
530 927 648 974 carmen
670 907 847 970 Thomasius
875 911 1061 984 ePsalterio
1089 909 1221 988 Reginae
1244 905 1315 980 Sue·

254 1001 317 1058 ciac
340 993 395 1066 (Τ).
440 997 623 1058 Contulimus
652 999 682 1056 in
704 997 858 1060 Thesauro
887 999 953 1057 libri
984 997 1159 1062 oxoniensis
1190 998 1314 1072 scriptu·

252 1100 315 1144 ram
337 1081 398 1150 (O):
436 1101 514 1141 nunc
542 1086 722 1160 tripartitum
738 1083 835 1144 'adest
857 1101 893 1142 ac
915 1101 1023 1142 novum
1045 1085 1166 1141 testium
1187 1085 1314 1167 petroci]

235 1169 343 1227 nium.
387 1167 525 1246 Legitur,
563 1167 644 1248 quod
673 1175 761 1226 antea
787 1172 1006 1248 ignoraveram,
1043 1171 1073 1227 iu
1099 1169 1313 1244 Antiphonario

250 1249 464 1314 Denehoriensi
486 1251 541 1321 (B).
586 1255 733 1332 Deinceps
764 1271 882 1313 carmen
913 1251 1101 1333 deprehendi¹
1124 1256 1153 1312 in
1175 1255 1315 1318 vetustis·

186 1373 189 1389 t
254 1342 326 1397 simo
351 1338 460 1400 Codice
487 1337 687 1398 Rhenoviensi
714 1339 763 1402 34.
788 1359 866 1398 saec.
890 1341 940 1398 IX.
964 1337 1020 1408 (R).
1068 1339 1207 1406 Continet
1233 1335 1315 1404 Psal-

251 1427 358 1486 terium
380 1425 567 1484 venerandae
590 1427 790 1504 antiquitatis,
815 1429 862 1485 cui
884 1425 960 1486 haec
982 1425 1100 1484 adiecta
1123 1431 1203 1482 sunt:
1252 1417 1325 1503 „ln-'¹
1349 1415 1352 1425 ’

251 1511 364 1586 cipiunt
384 1511 494 1585 Hymni
517 1512 546 1570 S.
570 1511 732 1580 Ambrosii,
770 1529 845 1588 quos
869 1513 897 1570 S.
921 1509 1101 1572 Benedictus
1129 1512 1158 1567 in
1181 1509 1315 1571 diversas

250 1584 340 1656 horas
356 1595 558 1654 decantandas
575 1591 750 1672 ordinavit.“
796 1597 937 1674 Sequitur
951 1599 1064 1672 primus
1079 1595 1196 1653 Mediae
1220 1595 1315 1654 noctis

250 1685 368 1762 tempus
391 1687 439 1762 est
461 1683 641 1753 „Dominicis
664 1681 768 1739 diebus
791 1683 830 1742 ad
844 1675 1057 1750 Nocturnum“,
1081 1679 1154 1744 dein
1168 1676 1316 1756 Splendor

250 1774 394 1844 paternae
417 1768 543 1844 gloriae,
574 1784 647 1844 prae
670 1766 820 1825 vetustate
843 1763 1006 1825 offuscatus
1029 1767 1077 1828 vel
1100 1784 1213 1824 erosns.
1260 1763 1316 1824 ue
1378 1786 1382 1796 ’

242 1851 349 1936 ¹liquos
378 1869 502 1928 prorsus
530 1851 654 1910 abstulit
680 1855 822 1928 temporis
849 1855 963 1912 iniuria.
1009 1853 1111 1928 Nuper
1134 1853 1264 1914 Nealius,
1282 1867 1316 1909 ex

250 1939 370 1998 Arevali
386 1937 466 2005 ‚libro
490 1939 622 2016 quintam
636 1939 844 2014 promulgavit
867 1941 1044 2014 scripturam
1067 1953 1191 2012 eamque
1216 1940 1316 2012 singu·

248 2023 350 2082 larem.
394 2021 470 2082 Nam
491 2025 674 2084 Breviarium
689 2025 809 2082 Arevali
824 2023 1043 2082 Mozarabicum
1064 2023 1206 2098 hymnum
1231 2039 1315 2106 prae·

248 2109 300 2167 bet
320 2109 486 2184 longiorem
508 2109 527 2166 J
535 2128 597 2166 esu
621 2109 791 2166 defensor
813 2111 978 2176 omnium,
1007 2111 1090 2166 euius
1112 2115 1233 2186 partem
1256 2107 1315 2166 elfi-

250 2211 319 2252 eere
340 2194 459 2252 videtur
482 2211 600 2250 carmen
615 2212 713 2271 ¹supra
736 2197 891 2270 scriptum:
922 2257 925 2265 s

311 2313 387 2374 Jesu
409 2313 547 2370 defensor
569 2310 707 2380 omniurn,
954 2347 967 2376 ,t
1011 2347 1024 2376 a
1069 2347 1082 2376 e
1126 2348 1139 2376 s

312 2398 468 2457 Protector
490 2404 522 2456 et
543 2397 696 2466 meabilis
952 2442 956 2453 ,
1122 2449 1126 2464 ,
1184 2439 1188 2448 .

313 2484 405 2549 Sueto
426 2485 522 2540 noetis
545 2483 674 2550 advenit,
845 2483 963 2540 Clamor
977 2486 1007 2540 in
1021 2491 1109 2540 noete
1124 2483 1224 2544 suctus
1241 2489 1301 2556 est:

310 2569 348 2626 Et
369 2587 425 2626 uos
447 2569 547 2642 sopori
570 2567 671 2626 dediti.
769 2601 771 2612 ι
842 2569 933 2626 Jesus
955 2570 1110 2643 ingressus
1131 2570 1230 2644 januis

268 2689 344 2748 5111
367 2695 428 2758 tuo,
453 2689 580 2755 Christe,
604 2683 738 2755 Nomine,
844 2655 1029 2729 Eliffssanffl
1049 2659 1197 2752 P1⁰V⁰cffil

311 2774 368 2846 Qui
384 2780 486 2832 custos
503 2779 538 2831 et
549 2773 688 2831 defensor
703 2788 745 2841 cs,
780 2741 821 2800 ²⁰
843 2740 958 2798 Imm
981 2744 1086 2796 ΝΜ
1107 2755 1201 2814 ‘⁹8¹²-

310 2860 491 2936 Evigilemua
515 2861 630 2933 spiritu,
844 2857 994 2916 Gaudebit
1016 2854 1144 2932 sponsus
1167 2859 1258 2932 virgi·

309 2942 348 3003 Ut
370 2933 535 3003 mercamur
556 2943 719 3018 lampades.
1077 2961 1156 3012 num,
1207 2957 1215 2970 ⁸

733 3020 737 3026 ’
843 3030 1000 3104 Ingressus
1022 3029 1052 3084 in
1075 3027 1221 3095 eubiculo,

843 3115 898 3171 Ubi
920 3115 1047 3170 coronae
1069 3113 1238 3188 Martyrum

842 3199 1003 3273 Resnlgent
1025 3204 1094 3255 ante
1116 3199 1283 3255 Dominum.

310 3066 455 3127 Castores
478 3066 530 3132 tui,
553 3063 686 3130 Domine,

249 3153 287 3210 10
309 3149 391 3219 Quos
411 3148 499 3223 jubes
523 3155 616 3205 nocte·
634 3165 756 3222 surgere

309 3235 357 3294 Ad
385 3234 583 3294 invocandum
612 3234 726 3290 Nomen

294 3389 297 3395 .
549 3325 633 3376 tuum
780 3319 819 3378 25
842 3317 1014 3376 Mercedem
1036 3323 1138 3376 tautae
1161 3317 1278 3392 gloriae

280 3405 397 3478 ”Quod
419 3405 504 3462 nobis
528 3423 560 3461 es
583 3402 746 3460 laudabile:
841 3405 972 3460 Daturus
996 3421 1028 3458 es
1052 3402 1257 3462 credentibus:
1344 3465 1346 3470 ,

825 3487 930 3556 ,Quod
953 3488 1037 3544 n'obis
1063 3490 1125 3544 sitit
1147 3489 1265 3544 animus

309 3525 405 3596 Quem
428 3525 521 3580 onmis
542 3529 625 3579 terra
647 3523 752 3578 metuit
1225 3575 1231 3586 ¹

512 3591 513 3597 ¹
841 3574 879 3630 Ut
900 3591 1065 3630 mereamur
1089 3591 1242 3650 consequa

307 3611 365 3668 Pro
376 3675 378 3684 ,
388 3614 473 3666 tanta
495 3607 707 3682 magnitudine,

247 3697 285 3756 15
309 3696 478 3771 Sequemur
498 3696 527 3750 in
550 3692 639 3749 laude
661 3697 723 3748 tna·
841 3690 941 3748 Medio
964 3693 1060 3748 noetis
1083 3698 1219 3765 tempore
1276 3729 1290 3740 -

309 3779 396 3850 Quod
419 3781 477 3854 pic,
500 3780 620 3920 Saqqtqq,
644 3778 741 3850 posci·
779 3776 819 3834 30
841 3776 1022 3850 Prophetica
1043 3775 1267 3926 vorertcsqqnouct

256 3981 270 3988 ι,
277 3979 445 3988 ιαμ-μη..-

311 4061 333 4126 *)
353 4061 398 4112 Ad
416 4075 440 4112 v.
458 4061 499 4113 ab.
536 4055 649 4110 Nealius
676 4057 744 4108 hanc
773 4055 900 4107 adnotat:
938 4053 1116 4116 „Notandum
1138 4055 1183 4110 hle
1202 4060 1232 4115 et
1250 4071 1312 4107 sae·

263 4129 305 4182 'us
322 4128 352 4184 in
369 4127 462 4182 Officii
480 4123 652 4178 Monarabici
674 4124 792 4192 Hymuis
816 4137 877 4176 eam
894 4123 1008 4190 linguae
1026 4121 1145 4176 Latinae
1161 4127 1313 4190 eompas-

242 4145 271 4250 Γ
294 4195 449 4257 'inveniri,
481 4210 514 4246 er
538 4210 593 4260 qua
611 4207 693 4246 casus
712 4191 850 4246 ablativus
874 4207 925 4258 pro
942 4191 1167 4246 amandive-vel
1184 4193 1312 4248 nomina·
1339 4202 1342 4210 “

126 4296 129 4300 -
242 4267 301 4318 tivo
320 4264 463 4332 paullatim
485 4263 514 4313 in
532 4277 612 4313 usum
634 4261 723 4312 venit:
756 4260 845 4312 donee
867 4259 895 4310 iu
919 4259 1056 4314 hodierna
1072 4257 1266 4328 Hispanorum
1283 4263 1313 4310 et

242 4333 443 4387 Lusitanorum
469 4330 567 4396 lingua
593 4329 676 4379 lixum
702 4332 813 4380 teneret
839 4327 943 4378 locum:
976 4329 1006 4377 ut
1036 4325 1139 4387 calle,
1171 4341 1311 4386 arvore,

243 4399 418 4456 commodo
437 4413 488 4464 pro
508 4395 628 4468 callis,
649 4397 768 4456 arbor,
788 4393 1012 4447 commodus.“
1047 4394 1093 4460 (cf.
1112 4410 1137 4445 vr
1155 4395 1209 4458 26.)
