<?xml version="1.0" encoding="UTF-8"?>
<!DOCTYPE html PUBLIC "-//W3C//DTD XHTML 1.0 Transitional//EN"
    "http://www.w3.org/TR/xhtml1/DTD/xhtml1-transitional.dtd">
<html xmlns="http://www.w3.org/1999/xhtml" xml:lang="en" lang="en">
 <head>
  <title>
</title>
<meta http-equiv="Content-Type" content="text/html;charset=utf-8" />
  <meta name='ocr-system' content='tesseract 3.04.00' />
  <meta name='ocr-capabilities' content='ocr_page ocr_carea ocr_par ocr_line ocrx_word'/>
</head>
<body>
  <div class='ocr_page' id='page_1' title='image "./thesaurushymnol04danigoog/thesaurushymnol04danigoog_0683.png"; bbox 0 0 2788 5024; ppageno 0'>
   <div class='ocr_carea' id='block_1_1' title="bbox 531 393 675 506">
    <p class='ocr_par' dir='ltr' id='par_1_1' title="bbox 531 393 675 506">
     <span class='ocr_line' id='line_1_1' title="bbox 531 393 535 402; baseline 0 0"><span class='ocrx_word' id='word_1_1' title='bbox 531 393 535 402; x_wconf 83' lang='grc' dir='ltr'>ι</span> 
     </span>
     <span class='ocr_line' id='line_1_2' title="bbox 609 428 675 506; baseline 0.045 -4"><span class='ocrx_word' id='word_1_2' title='bbox 609 428 675 506; x_wconf 57' lang='lat' dir='ltr'><strong><em>m</em></strong></span> 
     </span>
    </p>
   </div>
   <div class='ocr_carea' id='block_1_2' title="bbox 5 609 1133 2563">
    <p class='ocr_par' dir='ltr' id='par_1_2' title="bbox 5 609 1133 2563">
     <span class='ocr_line' id='line_1_3' title="bbox 99 609 1076 678; baseline -0.006 -10"><span class='ocrx_word' id='word_1_3' title='bbox 99 612 155 668; x_wconf 88' lang='lat' dir='ltr'>Hic</span> <span class='ocrx_word' id='word_1_4' title='bbox 180 617 228 668; x_wconf 79' lang='lat' dir='ltr'>est</span> <span class='ocrx_word' id='word_1_5' title='bbox 248 627 332 668; x_wconf 88' lang='lat' dir='ltr'>meus</span> <span class='ocrx_word' id='word_1_6' title='bbox 355 611 457 678; x_wconf 85' lang='lat' dir='ltr'>Filius,</span> <span class='ocrx_word' id='word_1_7' title='bbox 634 611 700 668; x_wconf 87' lang='lat' dir='ltr'>Tibi</span> <span class='ocrx_word' id='word_1_8' title='bbox 722 609 914 678; x_wconf 65' lang='lat' dir='ltr'>uuum‚=Iesu</span> <span class='ocrx_word' id='word_1_9' title='bbox 937 609 1076 666; x_wconf 82' lang='lat' dir='ltr'>Domine:</span> 
     </span>
     <span class='ocr_line' id='line_1_4' title="bbox 98 695 981 770; baseline -0.001 -19"><span class='ocrx_word' id='word_1_10' title='bbox 98 697 132 752; x_wconf 92' lang='lat' dir='ltr'>In</span> <span class='ocrx_word' id='word_1_11' title='bbox 156 714 215 770; x_wconf 92' lang='lat' dir='ltr'>quo</span> <span class='ocrx_word' id='word_1_12' title='bbox 238 697 309 753; x_wconf 90' lang='lat' dir='ltr'>mihi</span> <span class='ocrx_word' id='word_1_13' title='bbox 333 715 399 754; x_wconf 85' lang='lat' dir='ltr'>sum</span> <span class='ocrx_word' id='word_1_14' title='bbox 420 697 567 770; x_wconf 87' lang='lat' dir='ltr'>placitus:</span> <span class='ocrx_word' id='word_1_15' title='bbox 638 697 795 753; x_wconf 79' lang='lat' dir='ltr'><strong>Faciamus</strong></span> <span class='ocrx_word' id='word_1_16' title='bbox 817 697 853 752; x_wconf 88' lang='lat' dir='ltr'>iis</span> <span class='ocrx_word' id='word_1_17' title='bbox 877 695 981 761; x_wconf 84' lang='lat' dir='ltr'>simile,</span> 
     </span>
     <span class='ocr_line' id='line_1_5' title="bbox 98 780 976 858; baseline 0 -22"><span class='ocrx_word' id='word_1_18' title='bbox 98 781 158 854; x_wconf 91' lang='lat' dir='ltr'>Ipsi</span> <span class='ocrx_word' id='word_1_19' title='bbox 177 798 296 856; x_wconf 80' lang='lat' dir='ltr'>semper</span> <span class='ocrx_word' id='word_1_20' title='bbox 318 783 425 856; x_wconf 88' lang='lat' dir='ltr'>gloria.</span> <span class='ocrx_word' id='word_1_21' title='bbox 580 853 583 858; x_wconf 28' lang='grc' dir='ltr'>Ι</span> <span class='ocrx_word' id='word_1_22' title='bbox 675 781 776 853; x_wconf 88' lang='lat' dir='ltr'>Moysi</span> <span class='ocrx_word' id='word_1_23' title='bbox 798 797 866 837; x_wconf 89' lang='lat' dir='ltr'>cum</span> <span class='ocrx_word' id='word_1_24' title='bbox 888 780 976 836; x_wconf 88' lang='lat' dir='ltr'>Helia</span> 
     </span>
     <span class='ocr_line' id='line_1_6' title="bbox 97 865 1060 942; baseline -0.002 -20"><span class='ocrx_word' id='word_1_25' title='bbox 97 865 267 923; x_wconf 84' lang='lat' dir='ltr'>Audientes</span> <span class='ocrx_word' id='word_1_26' title='bbox 290 869 393 942; x_wconf 82' lang='lat' dir='ltr'>itaque</span> <span class='ocrx_word' id='word_1_27' title='bbox 633 867 696 923; x_wconf 91' lang='lat' dir='ltr'>Nos</span> <span class='ocrx_word' id='word_1_28' title='bbox 721 866 852 922; x_wconf 82' lang='lat' dir='ltr'>delectat</span> <span class='ocrx_word' id='word_1_29' title='bbox 875 865 1060 931; x_wconf 87' lang='lat' dir='ltr'>commorari,</span> 
     </span>
     <span class='ocr_line' id='line_1_7' title="bbox 98 950 1020 1024; baseline -0.003 -16"><span class='ocrx_word' id='word_1_30' title='bbox 98 950 331 1014; x_wconf 65' lang='lat' dir='ltr'>Percussisunt</span> <span class='ocrx_word' id='word_1_31' title='bbox 353 955 466 1012; x_wconf 86' lang='lat' dir='ltr'>vertice</span> <span class='ocrx_word' id='word_1_32' title='bbox 634 954 719 1010; x_wconf 88' lang='lat' dir='ltr'>Votis</span> <span class='ocrx_word' id='word_1_33' title='bbox 743 969 862 1024; x_wconf 89' lang='lat' dir='ltr'>semper</span> <span class='ocrx_word' id='word_1_34' title='bbox 883 950 1020 1010; x_wconf 81' lang='lat' dir='ltr'>famulari</span> 
     </span>
     <span class='ocr_line' id='line_1_8' title="bbox 140 1033 1012 1100; baseline -0.005 -6"><span class='ocrx_word' id='word_1_35' title='bbox 140 1036 188 1094; x_wconf 85' lang='lat' dir='ltr'>Ab</span> <span class='ocrx_word' id='word_1_36' title='bbox 210 1038 267 1094; x_wconf 92' lang='lat' dir='ltr'>hac</span> <span class='ocrx_word' id='word_1_37' title='bbox 290 1038 357 1095; x_wconf 89' lang='lat' dir='ltr'>luce</span> <span class='ocrx_word' id='word_1_38' title='bbox 381 1040 502 1100; x_wconf 86' lang='lat' dir='ltr'>coelica.</span> <span class='ocrx_word' id='word_1_39' title='bbox 564 1033 566 1035; x_wconf 67' lang='grc'><strong>’</strong></span> <span class='ocrx_word' id='word_1_40' title='bbox 673 1038 707 1095; x_wconf 91' lang='lat' dir='ltr'>In</span> <span class='ocrx_word' id='word_1_41' title='bbox 729 1036 869 1092; x_wconf 89' lang='lat' dir='ltr'>hacluce</span> <span class='ocrx_word' id='word_1_42' title='bbox 885 1036 1012 1094; x_wconf 87' lang='lat' dir='ltr'>coelica.</span> 
     </span>
     <span class='ocr_line' id='line_1_9' title="bbox 97 1121 1070 1180; baseline -0.003 -1"><span class='ocrx_word' id='word_1_43' title='bbox 97 1123 174 1179; x_wconf 88' lang='lat' dir='ltr'>Dum</span> <span class='ocrx_word' id='word_1_44' title='bbox 196 1122 278 1180; x_wconf 92' lang='lat' dir='ltr'>cadit</span> <span class='ocrx_word' id='word_1_45' title='bbox 292 1124 424 1180; x_wconf 85' lang='lat' dir='ltr'>insacies</span> <span class='ocrx_word' id='word_1_46' title='bbox 511 1155 515 1170; x_wconf 56' lang='grc' dir='ltr'>ι</span> <span class='ocrx_word' id='word_1_47' title='bbox 630 1123 712 1180; x_wconf 87' lang='lat' dir='ltr'>Haec</span> <span class='ocrx_word' id='word_1_48' title='bbox 735 1139 772 1178; x_wconf 90' lang='lat' dir='ltr'>ne</span> <span class='ocrx_word' id='word_1_49' title='bbox 795 1121 904 1178; x_wconf 89' lang='lat' dir='ltr'>mundo</span> <span class='ocrx_word' id='word_1_50' title='bbox 928 1121 1070 1176; x_wconf 87' lang='lat' dir='ltr'>intimetis</span> 
     </span>
     <span class='ocr_line' id='line_1_10' title="bbox 96 1205 1059 1282; baseline -0.002 -20"><span class='ocrx_word' id='word_1_51' title='bbox 96 1205 286 1264; x_wconf 87' lang='lat' dir='ltr'>Pertimescit</span> <span class='ocrx_word' id='word_1_52' title='bbox 307 1210 388 1265; x_wconf 87' lang='lat' dir='ltr'>acies</span> <span class='ocrx_word' id='word_1_53' title='bbox 468 1255 470 1260; x_wconf 95' lang='lat'><em>.</em></span> <span class='ocrx_word' id='word_1_54' title='bbox 630 1209 716 1282; x_wconf 83' lang='lat' dir='ltr'>Rogo</span> <span class='ocrx_word' id='word_1_55' title='bbox 740 1212 828 1282; x_wconf 76' lang='lat' dir='ltr'>&#39;gesta</span> <span class='ocrx_word' id='word_1_56' title='bbox 851 1223 929 1281; x_wconf 88' lang='lat' dir='ltr'>quae</span> <span class='ocrx_word' id='word_1_57' title='bbox 951 1205 1059 1262; x_wconf 88' lang='lat' dir='ltr'>videtis</span> 
     </span>
     <span class='ocr_line' id='line_1_11' title="bbox 138 1291 1047 1367; baseline -0.003 -19"><span class='ocrx_word' id='word_1_58' title='bbox 138 1293 221 1348; x_wconf 89' lang='lat' dir='ltr'>Haec</span> <span class='ocrx_word' id='word_1_59' title='bbox 245 1293 331 1367; x_wconf 84' lang='lat' dir='ltr'><strong>plebs</strong></span> <span class='ocrx_word' id='word_1_60' title='bbox 355 1293 558 1367; x_wconf 56' lang='lat' dir='ltr'>Apostolica„</span> <span class='ocrx_word' id='word_1_61' title='bbox 675 1294 777 1349; x_wconf 83' lang='lat' dir='ltr'>Donec</span> <span class='ocrx_word' id='word_1_62' title='bbox 799 1293 890 1348; x_wconf 83' lang='lat' dir='ltr'>Filius</span> <span class='ocrx_word' id='word_1_63' title='bbox 913 1291 1047 1346; x_wconf 86' lang='lat' dir='ltr'>Hominis</span> 
     </span>
     <span class='ocr_line' id='line_1_12' title="bbox 97 1377 993 1453; baseline -0.002 -19"><span class='ocrx_word' id='word_1_64' title='bbox 97 1378 200 1434; x_wconf 88' lang='lat' dir='ltr'>Donec</span> <span class='ocrx_word' id='word_1_65' title='bbox 224 1395 277 1434; x_wconf 91' lang='lat' dir='ltr'>eos</span> <span class='ocrx_word' id='word_1_66' title='bbox 301 1380 402 1453; x_wconf 82' lang='lat' dir='ltr'>tetigit</span> <span class='ocrx_word' id='word_1_67' title='bbox 632 1377 798 1442; x_wconf 77' lang='lat' dir='ltr'>surrexerit</span> <span class='ocrx_word' id='word_1_68' title='bbox 821 1394 838 1432; x_wconf 90' lang='lat' dir='ltr'>a</span> <span class='ocrx_word' id='word_1_69' title='bbox 860 1378 993 1433; x_wconf 81' lang='lat' dir='ltr'><strong>mortuis.</strong></span> 
     </span>
     <span class='ocr_line' id='line_1_13' title="bbox 96 1453 1033 1532; baseline -0.002 -14"><span class='ocrx_word' id='word_1_70' title='bbox 96 1461 181 1518; x_wconf 89' lang='lat' dir='ltr'>Iesus</span> <span class='ocrx_word' id='word_1_71' title='bbox 205 1463 351 1532; x_wconf 85' lang='lat' dir='ltr'>Christus,</span> <span class='ocrx_word' id='word_1_72' title='bbox 376 1469 406 1520; x_wconf 90' lang='lat' dir='ltr'>et</span> <span class='ocrx_word' id='word_1_73' title='bbox 429 1465 470 1520; x_wconf 84' lang='lat' dir='ltr'>ait</span> <span class='ocrx_word' id='word_1_74' title='bbox 632 1463 832 1520; x_wconf 71' lang='lat' dir='ltr'>Morte&#39;victa</span> <span class='ocrx_word' id='word_1_75' title='bbox 854 1453 1033 1528; x_wconf 82' lang='lat' dir='ltr'>revelentur,</span> 
     </span>
     <span class='ocr_line' id='line_1_14' title="bbox 5 1540 1058 1624; baseline -0.006 -16"><span class='ocrx_word' id='word_1_76' title='bbox 5 1605 7 1608; x_wconf 86' lang='lat'>.</span> <span class='ocrx_word' id='word_1_77' title='bbox 90 1540 182 1604; x_wconf 83' lang='lat' dir='ltr'>¹Metu</span> <span class='ocrx_word' id='word_1_78' title='bbox 203 1550 260 1605; x_wconf 91' lang='lat' dir='ltr'>iam</span> <span class='ocrx_word' id='word_1_79' title='bbox 284 1548 421 1624; x_wconf 88' lang='lat' dir='ltr'>deposito</span> <span class='ocrx_word' id='word_1_80' title='bbox 630 1549 668 1606; x_wconf 86' lang='lat' dir='ltr'>Et</span> <span class='ocrx_word' id='word_1_81' title='bbox 691 1565 708 1604; x_wconf 92' lang='lat' dir='ltr'>a</span> <span class='ocrx_word' id='word_1_82' title='bbox 729 1547 814 1606; x_wconf 82' lang='lat' dir='ltr'>robis</span> <span class='ocrx_word' id='word_1_83' title='bbox 837 1546 1058 1622; x_wconf 81' lang='lat' dir='ltr'>praedicentur,</span> 
     </span>
     <span class='ocr_line' id='line_1_15' title="bbox 43 1620 1133 1709; baseline -0.002 -21"><span class='ocrx_word' id='word_1_84' title='bbox 43 1620 48 1634; x_wconf 74' lang='grc'><strong>’</strong></span> <span class='ocrx_word' id='word_1_85' title='bbox 96 1633 186 1689; x_wconf 88' lang='lat' dir='ltr'>Nulla</span> <span class='ocrx_word' id='word_1_86' title='bbox 208 1635 247 1690; x_wconf 88' lang='lat' dir='ltr'>sit</span> <span class='ocrx_word' id='word_1_87' title='bbox 269 1637 417 1709; x_wconf 86' lang='lat' dir='ltr'>angustia.</span> <span class='ocrx_word' id='word_1_88' title='bbox 476 1639 478 1644; x_wconf 87' lang='lat'>&#39;</span> <span class='ocrx_word' id='word_1_89' title='bbox 662 1635 757 1691; x_wconf 65' lang='lat' dir='ltr'>‘Haec</span> <span class='ocrx_word' id='word_1_90' title='bbox 781 1651 858 1708; x_wconf 91' lang='lat' dir='ltr'>quae</span> <span class='ocrx_word' id='word_1_91' title='bbox 881 1632 998 1690; x_wconf 86' lang='lat' dir='ltr'>vidistis</span> <span class='ocrx_word' id='word_1_92' title='bbox 1023 1629 1133 1705; x_wconf 80' lang='lat' dir='ltr'>gaudia</span> 
     </span>
     <span class='ocr_line' id='line_1_16' title="bbox 97 1715 1084 1790; baseline -0.003 -17"><span class='ocrx_word' id='word_1_93' title='bbox 97 1718 286 1776; x_wconf 85' lang='lat' dir='ltr'>Levaverunt</span> <span class='ocrx_word' id='word_1_94' title='bbox 309 1721 414 1776; x_wconf 89' lang='lat' dir='ltr'>oculos</span> <span class='ocrx_word' id='word_1_95' title='bbox 673 1719 717 1775; x_wconf 89' lang='lat' dir='ltr'>De</span> <span class='ocrx_word' id='word_1_96' title='bbox 740 1715 814 1776; x_wconf 78' lang='lat' dir='ltr'>vace</span> <span class='ocrx_word' id='word_1_97' title='bbox 835 1719 931 1775; x_wconf 84' lang='lat' dir='ltr'>Patris</span> <span class='ocrx_word' id='word_1_98' title='bbox 956 1718 1084 1790; x_wconf 86' lang='lat' dir='ltr'>cognita.</span> 
     </span>
     <span class='ocr_line' id='line_1_17' title="bbox 95 1802 1102 1878; baseline 0 -20"><span class='ocrx_word' id='word_1_99' title='bbox 95 1803 161 1859; x_wconf 90' lang='lat' dir='ltr'>Non</span> <span class='ocrx_word' id='word_1_100' title='bbox 183 1803 320 1861; x_wconf 88' lang='lat' dir='ltr'>videntes</span> <span class='ocrx_word' id='word_1_101' title='bbox 343 1806 461 1878; x_wconf 90' lang='lat' dir='ltr'>aliquos</span> <span class='ocrx_word' id='word_1_102' title='bbox 629 1805 832 1878; x_wconf 89' lang='lat' dir='ltr'>Deprecemur</span> <span class='ocrx_word' id='word_1_103' title='bbox 854 1820 926 1877; x_wconf 82' lang='lat' dir='ltr'>ergo</span> <span class='ocrx_word' id='word_1_104' title='bbox 950 1802 1102 1872; x_wconf 81' lang='lat' dir='ltr'>Christum</span> 
     </span>
     <span class='ocr_line' id='line_1_18' title="bbox 95 1880 1127 1962; baseline -0.002 -18"><span class='ocrx_word' id='word_1_105' title='bbox 95 1886 221 1944; x_wconf 83' lang='lat' dir='ltr'>Praeter</span> <span class='ocrx_word' id='word_1_106' title='bbox 242 1907 332 1962; x_wconf 91' lang='lat' dir='ltr'>quem</span> <span class='ocrx_word' id='word_1_107' title='bbox 355 1895 385 1946; x_wconf 86' lang='lat' dir='ltr'>et</span> <span class='ocrx_word' id='word_1_108' title='bbox 408 1894 513 1946; x_wconf 87' lang='lat' dir='ltr'>antea:</span> <span class='ocrx_word' id='word_1_109' title='bbox 598 1880 602 1886; x_wconf 67' lang='grc'><em>’</em></span> <span class='ocrx_word' id='word_1_110' title='bbox 629 1889 669 1945; x_wconf 88' lang='lat' dir='ltr'>Ut</span> <span class='ocrx_word' id='word_1_111' title='bbox 693 1895 723 1944; x_wconf 90' lang='lat' dir='ltr'>et</span> <span class='ocrx_word' id='word_1_112' title='bbox 745 1907 800 1945; x_wconf 83' lang='lat' dir='ltr'>nos</span> <span class='ocrx_word' id='word_1_113' title='bbox 823 1888 861 1945; x_wconf 93' lang='lat' dir='ltr'>ad</span> <span class='ocrx_word' id='word_1_114' title='bbox 884 1892 1015 1944; x_wconf 88' lang='lat' dir='ltr'>montem</span> <span class='ocrx_word' id='word_1_115' title='bbox 1037 1889 1127 1943; x_wconf 91' lang='lat' dir='ltr'>istum</span> 
     </span>
     <span class='ocr_line' id='line_1_19' title="bbox 96 1972 1038 2047; baseline 0.001 -20"><span class='ocrx_word' id='word_1_116' title='bbox 96 1972 239 2047; x_wconf 81' lang='lat' dir='ltr'><strong>Quisquis</strong></span> <span class='ocrx_word' id='word_1_117' title='bbox 261 1973 336 2030; x_wconf 84' lang='lat' dir='ltr'>vidit</span> <span class='ocrx_word' id='word_1_118' title='bbox 359 1975 450 2030; x_wconf 85' lang='lat' dir='ltr'>talia?</span> <span class='ocrx_word' id='word_1_119' title='bbox 629 1973 696 2030; x_wconf 83' lang='lat' dir='ltr'>Cito</span> <span class='ocrx_word' id='word_1_120' title='bbox 721 1973 820 2041; x_wconf 88' lang='lat' dir='ltr'>ducat,</span> <span class='ocrx_word' id='word_1_121' title='bbox 844 1978 874 2029; x_wconf 87' lang='lat' dir='ltr'>et</span> <span class='ocrx_word' id='word_1_122' title='bbox 897 1972 1038 2029; x_wconf 90' lang='lat' dir='ltr'>ostendat</span> 
     </span>
     <span class='ocr_line' id='line_1_20' title="bbox 95 2056 1078 2134; baseline -0.001 -21"><span class='ocrx_word' id='word_1_123' title='bbox 95 2057 202 2114; x_wconf 87' lang='lat' dir='ltr'>Petrus</span> <span class='ocrx_word' id='word_1_124' title='bbox 225 2063 337 2114; x_wconf 87' lang='lat' dir='ltr'>tractat</span> <span class='ocrx_word' id='word_1_125' title='bbox 359 2058 441 2134; x_wconf 90' lang='lat' dir='ltr'>quod</span> <span class='ocrx_word' id='word_1_126' title='bbox 463 2059 597 2116; x_wconf 80' lang='lat' dir='ltr'>affectat:</span> <span class='ocrx_word' id='word_1_127' title='bbox 673 2058 757 2128; x_wconf 78' lang='lat' dir='ltr'>Quae</span> <span class='ocrx_word' id='word_1_128' title='bbox 781 2061 840 2115; x_wconf 88' lang='lat' dir='ltr'>sint</span> <span class='ocrx_word' id='word_1_129' title='bbox 861 2075 933 2116; x_wconf 88' lang='lat' dir='ltr'>vera</span> <span class='ocrx_word' id='word_1_130' title='bbox 956 2056 1078 2131; x_wconf 86' lang='lat' dir='ltr'>gaudia:</span> 
     </span>
     <span class='ocr_line' id='line_1_21' title="bbox 95 2135 1116 2218; baseline -0.001 -20"><span class='ocrx_word' id='word_1_131' title='bbox 95 2142 157 2217; x_wconf 91' lang='lat' dir='ltr'>Ipsi</span> <span class='ocrx_word' id='word_1_132' title='bbox 180 2144 289 2200; x_wconf 87' lang='lat' dir='ltr'>clamat</span> <span class='ocrx_word' id='word_1_133' title='bbox 311 2161 400 2218; x_wconf 88' lang='lat' dir='ltr'>quem</span> <span class='ocrx_word' id='word_1_134' title='bbox 423 2162 475 2200; x_wconf 90' lang='lat' dir='ltr'>cor</span> <span class='ocrx_word' id='word_1_135' title='bbox 497 2151 578 2202; x_wconf 88' lang='lat' dir='ltr'>amat</span> <span class='ocrx_word' id='word_1_136' title='bbox 628 2135 667 2200; x_wconf 88' lang='lat' dir='ltr'>Ut</span> <span class='ocrx_word' id='word_1_137' title='bbox 691 2163 758 2203; x_wconf 91' lang='lat' dir='ltr'>cum</span> <span class='ocrx_word' id='word_1_138' title='bbox 780 2143 869 2200; x_wconf 89' lang='lat' dir='ltr'>Petro</span> <span class='ocrx_word' id='word_1_139' title='bbox 894 2143 1078 2210; x_wconf 86' lang='lat' dir='ltr'>commorari,</span> <span class='ocrx_word' id='word_1_140' title='bbox 1114 2161 1116 2164; x_wconf 92' lang='lat'>·</span> 
     </span>
     <span class='ocr_line' id='line_1_22' title="bbox 137 2227 1035 2303; baseline -0.001 -20"><span class='ocrx_word' id='word_1_141' title='bbox 137 2227 236 2284; x_wconf 88' lang='lat' dir='ltr'>Iesum</span> <span class='ocrx_word' id='word_1_142' title='bbox 260 2247 351 2303; x_wconf 89' lang='lat' dir='ltr'>super</span> <span class='ocrx_word' id='word_1_143' title='bbox 366 2231 472 2286; x_wconf 88' lang='lat' dir='ltr'>omnia.</span> <span class='ocrx_word' id='word_1_144' title='bbox 627 2229 665 2285; x_wconf 76' lang='lat' dir='ltr'>nt</span> <span class='ocrx_word' id='word_1_145' title='bbox 687 2229 826 2286; x_wconf 89' lang='lat' dir='ltr'>Patribus</span> <span class='ocrx_word' id='word_1_146' title='bbox 850 2229 1035 2302; x_wconf 74' lang='lat' dir='ltr'>conregnari</span> 
     </span>
     <span class='ocr_line' id='line_1_23' title="bbox 95 2311 988 2388; baseline 0 -20"><span class='ocrx_word' id='word_1_147' title='bbox 95 2311 201 2368; x_wconf 78' lang='lat' dir='ltr'><strong>Exstat</strong></span> <span class='ocrx_word' id='word_1_148' title='bbox 222 2315 334 2370; x_wconf 91' lang='lat' dir='ltr'>bonum</span> <span class='ocrx_word' id='word_1_149' title='bbox 355 2333 410 2371; x_wconf 89' lang='lat' dir='ltr'>nos</span> <span class='ocrx_word' id='word_1_150' title='bbox 432 2316 482 2371; x_wconf 91' lang='lat' dir='ltr'>hic</span> <span class='ocrx_word' id='word_1_151' title='bbox 505 2332 586 2372; x_wconf 88' lang='lat' dir='ltr'>esse:</span> <span class='ocrx_word' id='word_1_152' title='bbox 631 2315 807 2371; x_wconf 69' lang='lat' dir='ltr'>Trinitatem</span> <span class='ocrx_word' id='word_1_153' title='bbox 831 2314 988 2388; x_wconf 85' lang='lat' dir='ltr'>speculari,</span> 
     </span>
     <span class='ocr_line' id='line_1_24' title="bbox 93 2394 1062 2473; baseline 0 -20"><span class='ocrx_word' id='word_1_154' title='bbox 93 2397 249 2455; x_wconf 84' lang='lat' dir='ltr'>Faciamus</span> <span class='ocrx_word' id='word_1_155' title='bbox 272 2399 423 2458; x_wconf 85' lang='lat' dir='ltr'>indefesse</span> <span class='ocrx_word' id='word_1_156' title='bbox 472 2394 478 2418; x_wconf 82' lang='lat'>¹</span> <span class='ocrx_word' id='word_1_157' title='bbox 671 2400 825 2462; x_wconf 82' lang='lat' dir='ltr'>Pessimus</span> <span class='ocrx_word' id='word_1_158' title='bbox 848 2417 902 2473; x_wconf 89' lang='lat' dir='ltr'>per</span> <span class='ocrx_word' id='word_1_159' title='bbox 926 2397 1062 2456; x_wconf 85' lang='lat' dir='ltr'>saecula:</span> 
     </span>
     <span class='ocr_line' id='line_1_25' title="bbox 137 2481 1089 2563; baseline 0.001 -24"><span class='ocrx_word' id='word_1_160' title='bbox 137 2481 207 2540; x_wconf 89' lang='lat' dir='ltr'>Tria</span> <span class='ocrx_word' id='word_1_161' title='bbox 229 2483 438 2544; x_wconf 86' lang='lat' dir='ltr'>tabernacula:</span> <span class='ocrx_word' id='word_1_162' title='bbox 673 2487 769 2562; x_wconf 77' lang='lat' dir='ltr'>Amen</span> <span class='ocrx_word' id='word_1_163' title='bbox 785 2485 886 2544; x_wconf 88' lang='lat' dir='ltr'>dicant</span> <span class='ocrx_word' id='word_1_164' title='bbox 902 2485 1007 2563; x_wconf 79' lang='lat' dir='ltr'>omnia.</span> <span class='ocrx_word' id='word_1_165' title='bbox 1086 2551 1089 2563; x_wconf 33' lang='lat'><strong><em>¹</em></strong></span> 
     </span>
    </p>
   </div>
   <div class='ocr_carea' id='block_1_3' title="bbox 67 2745 1163 2834">
    <p class='ocr_par' dir='ltr' id='par_1_3' title="bbox 67 2745 1163 2834">
     <span class='ocr_line' id='line_1_26' title="bbox 67 2745 1163 2834; baseline 0.002 -22"><span class='ocrx_word' id='word_1_166' title='bbox 67 2766 69 2774; x_wconf 73' lang='grc'>’</span> <span class='ocrx_word' id='word_1_167' title='bbox 181 2753 251 2813; x_wconf 81' lang='lat'><strong>570.</strong></span> <span class='ocrx_word' id='word_1_168' title='bbox 277 2745 388 2826; x_wconf 81' lang='lat' dir='ltr'>[Haec</span> <span class='ocrx_word' id='word_1_169' title='bbox 410 2749 465 2814; x_wconf 69' lang='lat' dir='ltr'>est</span> <span class='ocrx_word' id='word_1_170' title='bbox 485 2749 716 2817; x_wconf 69' lang='lat' dir='ltr'>diessumme</span> <span class='ocrx_word' id='word_1_171' title='bbox 734 2751 849 2834; x_wconf 68' lang='lat' dir='ltr'>pratu.</span> <span class='ocrx_word' id='word_1_172' title='bbox 883 2758 916 2815; x_wconf 89' lang='lat' dir='ltr'>1n</span> <span class='ocrx_word' id='word_1_173' title='bbox 939 2758 1163 2833; x_wconf 81' lang='lat' dir='ltr'>Transfigu-</span> 
     </span>
    </p>
   </div>
   <div class='ocr_carea' id='block_1_4' title="bbox 92 2841 1161 2997">
    <p class='ocr_par' dir='ltr' id='par_1_4' title="bbox 92 2841 1161 2997">
     <span class='ocr_line' id='line_1_27' title="bbox 93 2841 1161 2919; baseline 0.005 -25"><span class='ocrx_word' id='word_1_174' title='bbox 93 2841 249 2896; x_wconf 88' lang='lat' dir='ltr'>ratione</span> <span class='ocrx_word' id='word_1_175' title='bbox 278 2841 402 2899; x_wconf 89' lang='lat' dir='ltr'>Domini.</span> <span class='ocrx_word' id='word_1_176' title='bbox 454 2843 572 2900; x_wconf 86' lang='lat' dir='ltr'>Neale</span> <span class='ocrx_word' id='word_1_177' title='bbox 602 2847 671 2919; x_wconf 86' lang='lat' dir='ltr'>Seq.</span> <span class='ocrx_word' id='word_1_178' title='bbox 704 2863 732 2918; x_wconf 89' lang='lat' dir='ltr'>p.</span> <span class='ocrx_word' id='word_1_179' title='bbox 767 2843 833 2902; x_wconf 79' lang='lat'><strong>156.</strong></span> <span class='ocrx_word' id='word_1_180' title='bbox 865 2844 1021 2900; x_wconf 89' lang='lat' dir='ltr'>eMissali</span> <span class='ocrx_word' id='word_1_181' title='bbox 1049 2843 1161 2912; x_wconf 79' lang='lat' dir='ltr'>Xanto-</span> 
     </span>
     <span class='ocr_line' id='line_1_28' title="bbox 92 2919 897 2997; baseline 0.006 -18"><span class='ocrx_word' id='word_1_182' title='bbox 92 2926 178 2980; x_wconf 83' lang='lat' dir='ltr'>nansi</span> <span class='ocrx_word' id='word_1_183' title='bbox 204 2919 304 2997; x_wconf 70' lang='grc'>1491]</span> <span class='ocrx_word' id='word_1_184' title='bbox 894 2971 897 2978; x_wconf 86' lang='grc'>.</span> 
     </span>
    </p>
   </div>
   <div class='ocr_carea' id='block_1_5' title="bbox 116 3045 1160 3293">
    <p class='ocr_par' dir='ltr' id='par_1_5' title="bbox 116 3045 1160 3293">
     <span class='ocr_line' id='line_1_29' title="bbox 116 3045 1160 3126; baseline 0.005 -25"><span class='ocrx_word' id='word_1_185' title='bbox 116 3045 141 3100; x_wconf 84' lang='grc'>1.</span> <span class='ocrx_word' id='word_1_186' title='bbox 155 3045 237 3102; x_wconf 88' lang='lat' dir='ltr'>Haec</span> <span class='ocrx_word' id='word_1_187' title='bbox 261 3052 309 3102; x_wconf 90' lang='lat' dir='ltr'>est</span> <span class='ocrx_word' id='word_1_188' title='bbox 331 3045 395 3103; x_wconf 91' lang='lat' dir='ltr'>dies</span> <span class='ocrx_word' id='word_1_189' title='bbox 411 3065 523 3105; x_wconf 89' lang='lat' dir='ltr'>summe</span> <span class='ocrx_word' id='word_1_190' title='bbox 540 3056 628 3126; x_wconf 84' lang='lat' dir='ltr'>grata</span> <span class='ocrx_word' id='word_1_191' title='bbox 651 3051 679 3108; x_wconf 86' lang='lat'>3.</span> <span class='ocrx_word' id='word_1_192' title='bbox 695 3051 776 3106; x_wconf 89' lang='lat' dir='ltr'>Haec</span> <span class='ocrx_word' id='word_1_193' title='bbox 792 3047 932 3107; x_wconf 85' lang='lat' dir='ltr'>terrendo</span> <span class='ocrx_word' id='word_1_194' title='bbox 944 3067 1001 3104; x_wconf 90' lang='lat' dir='ltr'>non</span> <span class='ocrx_word' id='word_1_195' title='bbox 1010 3047 1160 3116; x_wconf 89' lang='lat' dir='ltr'>laedebat,</span> 
     </span>
     <span class='ocr_line' id='line_1_30' title="bbox 146 3130 1149 3206; baseline 0.004 -20"><span class='ocrx_word' id='word_1_196' title='bbox 146 3131 241 3206; x_wconf 26' lang='lat' dir='ltr'>‚Dulci</span> <span class='ocrx_word' id='word_1_197' title='bbox 263 3130 332 3188; x_wconf 88' lang='lat' dir='ltr'>Iesu</span> <span class='ocrx_word' id='word_1_198' title='bbox 355 3131 503 3202; x_wconf 87' lang='lat' dir='ltr'>dedicata,</span> <span class='ocrx_word' id='word_1_199' title='bbox 693 3135 753 3192; x_wconf 89' lang='lat' dir='ltr'>Sed</span> <span class='ocrx_word' id='word_1_200' title='bbox 776 3133 904 3192; x_wconf 80' lang='lat' dir='ltr'>fovendo</span> <span class='ocrx_word' id='word_1_201' title='bbox 928 3133 1125 3202; x_wconf 89' lang='lat' dir='ltr'>demulcebat,</span> <span class='ocrx_word' id='word_1_202' title='bbox 1146 3177 1149 3184; x_wconf 84' lang='lat'>.</span> 
     </span>
     <span class='ocr_line' id='line_1_31' title="bbox 155 3216 1142 3293; baseline 0.005 -23"><span class='ocrx_word' id='word_1_203' title='bbox 155 3216 353 3290; x_wconf 85' lang='lat' dir='ltr'>Plurimisque</span> <span class='ocrx_word' id='word_1_204' title='bbox 378 3217 538 3290; x_wconf 73' lang='lat' dir='ltr'>decorata</span> <span class='ocrx_word' id='word_1_205' title='bbox 691 3220 894 3277; x_wconf 87' lang='lat' dir='ltr'>Demulcendo</span> <span class='ocrx_word' id='word_1_206' title='bbox 918 3219 1142 3293; x_wconf 41' lang='lat' dir='ltr'>suspendebat*</span> 
     </span>
    </p>
   </div>
   <div class='ocr_carea' id='block_1_6' title="bbox 155 3301 1112 3734">
    <p class='ocr_par' dir='ltr' id='par_1_6' title="bbox 176 3301 1021 3362">
     <span class='ocr_line' id='line_1_32' title="bbox 176 3301 1021 3362; baseline 0.007 -8"><span class='ocrx_word' id='word_1_207' title='bbox 176 3301 290 3356; x_wconf 86' lang='lat' dir='ltr'>Divinis</span> <span class='ocrx_word' id='word_1_208' title='bbox 313 3303 478 3358; x_wconf 85' lang='lat' dir='ltr'>miraculis:</span> <span class='ocrx_word' id='word_1_209' title='bbox 713 3307 824 3362; x_wconf 89' lang='lat' dir='ltr'>Oculos</span> <span class='ocrx_word' id='word_1_210' title='bbox 847 3304 1021 3362; x_wconf 88' lang='lat' dir='ltr'>videntium:</span> 
     </span>
    </p>

    <p class='ocr_par' dir='ltr' id='par_1_7' title="bbox 155 3383 1112 3548">
     <span class='ocr_line' id='line_1_33' title="bbox 156 3383 1112 3460; baseline 0.005 -21"><span class='ocrx_word' id='word_1_211' title='bbox 156 3383 220 3452; x_wconf 79' lang='lat' dir='ltr'>Hac</span> <span class='ocrx_word' id='word_1_212' title='bbox 242 3385 366 3458; x_wconf 89' lang='lat' dir='ltr'>Moyses</span> <span class='ocrx_word' id='word_1_213' title='bbox 389 3389 544 3460; x_wconf 83' lang='lat' dir='ltr'>excitatur,</span> <span class='ocrx_word' id='word_1_214' title='bbox 694 3393 813 3447; x_wconf 87' lang='lat' dir='ltr'>Summe</span> <span class='ocrx_word' id='word_1_215' title='bbox 837 3390 932 3446; x_wconf 90' lang='lat' dir='ltr'>dulcis</span> <span class='ocrx_word' id='word_1_216' title='bbox 956 3395 987 3445; x_wconf 90' lang='lat' dir='ltr'>et</span> <span class='ocrx_word' id='word_1_217' title='bbox 1001 3391 1112 3456; x_wconf 90' lang='lat' dir='ltr'>iocosa,</span> 
     </span>
     <span class='ocr_line' id='line_1_34' title="bbox 155 3469 1010 3548; baseline 0.007 -24"><span class='ocrx_word' id='word_1_218' title='bbox 155 3469 193 3525; x_wconf 86' lang='lat' dir='ltr'>Et</span> <span class='ocrx_word' id='word_1_219' title='bbox 215 3469 328 3544; x_wconf 90' lang='lat' dir='ltr'>Helyas</span> <span class='ocrx_word' id='word_1_220' title='bbox 352 3477 541 3542; x_wconf 87' lang='lat' dir='ltr'>convocatur,</span> <span class='ocrx_word' id='word_1_221' title='bbox 693 3476 797 3533; x_wconf 84' lang='lat' dir='ltr'>Suavis</span> <span class='ocrx_word' id='word_1_222' title='bbox 822 3481 852 3531; x_wconf 90' lang='lat' dir='ltr'>et</span> <span class='ocrx_word' id='word_1_223' title='bbox 867 3476 1010 3548; x_wconf 86' lang='lat' dir='ltr'>gratiosa,</span> 
     </span>
    </p>

    <p class='ocr_par' dir='ltr' id='par_1_8' title="bbox 155 3553 1071 3734">
     <span class='ocr_line' id='line_1_35' title="bbox 155 3553 1071 3636; baseline 0.004 -25"><span class='ocrx_word' id='word_1_224' title='bbox 155 3553 195 3612; x_wconf 90' lang='lat' dir='ltr'>Ut</span> <span class='ocrx_word' id='word_1_225' title='bbox 216 3555 296 3611; x_wconf 88' lang='lat' dir='ltr'>facto</span> <span class='ocrx_word' id='word_1_226' title='bbox 319 3558 415 3630; x_wconf 84' lang='lat' dir='ltr'>magis</span> <span class='ocrx_word' id='word_1_227' title='bbox 439 3557 588 3628; x_wconf 89' lang='lat' dir='ltr'>credatur,</span> <span class='ocrx_word' id='word_1_228' title='bbox 688 3561 722 3617; x_wconf 95' lang='lat' dir='ltr'>In</span> <span class='ocrx_word' id='word_1_229' title='bbox 745 3577 805 3636; x_wconf 89' lang='lat' dir='ltr'>qua</span> <span class='ocrx_word' id='word_1_230' title='bbox 827 3561 916 3634; x_wconf 90' lang='lat' dir='ltr'>plene</span> <span class='ocrx_word' id='word_1_231' title='bbox 940 3559 1071 3633; x_wconf 86' lang='lat' dir='ltr'>gloriosa</span> 
     </span>
     <span class='ocr_line' id='line_1_36' title="bbox 177 3639 988 3734; baseline 0.009 -38"><span class='ocrx_word' id='word_1_232' title='bbox 177 3639 252 3697; x_wconf 81' lang='lat' dir='ltr'>Cum</span> <span class='ocrx_word' id='word_1_233' title='bbox 273 3641 369 3734; x_wconf 82' lang='lat' dir='ltr'>tribus</span> <span class='ocrx_word' id='word_1_234' title='bbox 393 3641 555 3717; x_wconf 88' lang='lat' dir='ltr'>discipulis.</span> <span class='ocrx_word' id='word_1_235' title='bbox 712 3643 825 3702; x_wconf 87' lang='lat' dir='ltr'>Habuit</span> <span class='ocrx_word' id='word_1_236' title='bbox 840 3644 988 3703; x_wconf 91' lang='lat' dir='ltr'>iudicium.</span> 
     </span>
    </p>
   </div>
   <div class='ocr_carea' id='block_1_7' title="bbox 112 3759 1198 4356">
    <p class='ocr_par' dir='ltr' id='par_1_9' title="bbox 112 3759 1198 4356">
     <span class='ocr_line' id='line_1_37' title="bbox 112 3759 1057 3839; baseline 0 -19"><span class='ocrx_word' id='word_1_237' title='bbox 112 3761 140 3820; x_wconf 78' lang='lat'>2.</span> <span class='ocrx_word' id='word_1_238' title='bbox 154 3759 209 3817; x_wconf 89' lang='lat' dir='ltr'>His</span> <span class='ocrx_word' id='word_1_239' title='bbox 230 3761 260 3816; x_wconf 90' lang='lat' dir='ltr'>in</span> <span class='ocrx_word' id='word_1_240' title='bbox 283 3766 383 3818; x_wconf 89' lang='lat' dir='ltr'>monte</span> <span class='ocrx_word' id='word_1_241' title='bbox 406 3767 599 3839; x_wconf 82' lang='lat' dir='ltr'>congregatis</span> <span class='ocrx_word' id='word_1_242' title='bbox 649 3767 678 3824; x_wconf 80' lang='lat'>4.</span> <span class='ocrx_word' id='word_1_243' title='bbox 691 3766 807 3822; x_wconf 89' lang='lat' dir='ltr'>Bonum</span> <span class='ocrx_word' id='word_1_244' title='bbox 830 3771 895 3822; x_wconf 87' lang='lat' dir='ltr'>erat</span> <span class='ocrx_word' id='word_1_245' title='bbox 916 3764 955 3822; x_wconf 89' lang='lat' dir='ltr'>ibi</span> <span class='ocrx_word' id='word_1_246' title='bbox 978 3781 1057 3832; x_wconf 87' lang='lat' dir='ltr'>vere,</span> 
     </span>
     <span class='ocr_line' id='line_1_38' title="bbox 154 3845 1112 3924; baseline 0.003 -23"><span class='ocrx_word' id='word_1_247' title='bbox 154 3845 219 3902; x_wconf 88' lang='lat' dir='ltr'>Lux</span> <span class='ocrx_word' id='word_1_248' title='bbox 241 3847 402 3904; x_wconf 87' lang='lat' dir='ltr'>immensae</span> <span class='ocrx_word' id='word_1_249' title='bbox 426 3849 571 3906; x_wconf 87' lang='lat' dir='ltr'>claritatis</span> <span class='ocrx_word' id='word_1_250' title='bbox 679 3853 775 3912; x_wconf 86' lang='lat' dir='ltr'>¹Bene</span> <span class='ocrx_word' id='word_1_251' title='bbox 797 3851 902 3917; x_wconf 84' lang='lat' dir='ltr'>Patre,</span> <span class='ocrx_word' id='word_1_252' title='bbox 925 3867 1112 3924; x_wconf 86' lang='lat' dir='ltr'>permanere:</span> 
     </span>
     <span class='ocr_line' id='line_1_39' title="bbox 155 3931 1078 4010; baseline 0.005 -23"><span class='ocrx_word' id='word_1_253' title='bbox 155 3931 310 4006; x_wconf 85' lang='lat' dir='ltr'>Mirseque</span> <span class='ocrx_word' id='word_1_254' title='bbox 327 3935 483 4002; x_wconf 84' lang='lat' dir='ltr'>suavitatis</span> <span class='ocrx_word' id='word_1_255' title='bbox 691 3936 752 3994; x_wconf 84' lang='lat' dir='ltr'>Sed</span> <span class='ocrx_word' id='word_1_256' title='bbox 774 3936 933 4010; x_wconf 87' lang='lat' dir='ltr'>oportebat</span> <span class='ocrx_word' id='word_1_257' title='bbox 954 3937 1078 4010; x_wconf 88' lang='lat' dir='ltr'>implere</span> 
     </span>
     <span class='ocr_line' id='line_1_40' title="bbox 175 4015 1169 4094; baseline 0.004 -22"><span class='ocrx_word' id='word_1_258' title='bbox 175 4015 292 4074; x_wconf 86' lang='lat' dir='ltr'>Pariter</span> <span class='ocrx_word' id='word_1_259' title='bbox 314 4022 468 4094; x_wconf 68' lang='lat' dir='ltr'>appendu</span> <span class='ocrx_word' id='word_1_260' title='bbox 711 4023 816 4080; x_wconf 79' lang='lat' dir='ltr'>Facta.</span> <span class='ocrx_word' id='word_1_261' title='bbox 828 4022 979 4083; x_wconf 88' lang='lat' dir='ltr'>Christum</span> <span class='ocrx_word' id='word_1_262' title='bbox 1001 4022 1070 4078; x_wconf 89' lang='lat' dir='ltr'>alia:</span> <span class='ocrx_word' id='word_1_263' title='bbox 1164 4045 1169 4056; x_wconf 80' lang='lat'>=</span> 
     </span>
     <span class='ocr_line' id='line_1_41' title="bbox 154 4097 1198 4182; baseline 0.006 -26"><span class='ocrx_word' id='word_1_264' title='bbox 154 4099 237 4158; x_wconf 87' lang='lat' dir='ltr'>Haec</span> <span class='ocrx_word' id='word_1_265' title='bbox 260 4121 278 4160; x_wconf 90' lang='lat' dir='ltr'>a</span> <span class='ocrx_word' id='word_1_266' title='bbox 300 4104 420 4161; x_wconf 83' lang='lat' dir='ltr'>Christo</span> <span class='ocrx_word' id='word_1_267' title='bbox 445 4107 602 4176; x_wconf 86' lang='lat' dir='ltr'>emanavit,</span> <span class='ocrx_word' id='word_1_268' title='bbox 689 4109 772 4164; x_wconf 88' lang='lat' dir='ltr'>Haec</span> <span class='ocrx_word' id='word_1_269' title='bbox 796 4109 916 4166; x_wconf 79' lang='lat' dir='ltr'>claritas</span> <span class='ocrx_word' id='word_1_270' title='bbox 939 4107 1099 4182; x_wconf 82' lang='lat' dir='ltr'>singularis</span> <span class='ocrx_word' id='word_1_271' title='bbox 1194 4097 1198 4101; x_wconf 41' lang='lat'>⁵</span> 
     </span>
     <span class='ocr_line' id='line_1_42' title="bbox 155 4183 1097 4266; baseline 0.004 -24"><span class='ocrx_word' id='word_1_272' title='bbox 155 4185 193 4242; x_wconf 80' lang='lat' dir='ltr'>iit</span> <span class='ocrx_word' id='word_1_273' title='bbox 214 4189 243 4244; x_wconf 89' lang='lat' dir='ltr'>in</span> <span class='ocrx_word' id='word_1_274' title='bbox 265 4195 366 4246; x_wconf 85' lang='lat' dir='ltr'>vestes</span> <span class='ocrx_word' id='word_1_275' title='bbox 390 4190 562 4261; x_wconf 85' lang='lat' dir='ltr'>abundavit,</span> <span class='ocrx_word' id='word_1_276' title='bbox 692 4194 795 4250; x_wconf 87' lang='lat' dir='ltr'>Solum</span> <span class='ocrx_word' id='word_1_277' title='bbox 817 4198 883 4250; x_wconf 87' lang='lat' dir='ltr'>erat</span> <span class='ocrx_word' id='word_1_278' title='bbox 905 4183 1097 4266; x_wconf 84' lang='lat' dir='ltr'>exemplaris:</span> 
     </span>
     <span class='ocr_line' id='line_1_43' title="bbox 157 4269 1071 4356; baseline 0.008 -29"><span class='ocrx_word' id='word_1_279' title='bbox 157 4269 233 4328; x_wconf 91' lang='lat' dir='ltr'>Suos</span> <span class='ocrx_word' id='word_1_280' title='bbox 256 4274 373 4348; x_wconf 86' lang='lat' dir='ltr'>fulgore</span> <span class='ocrx_word' id='word_1_281' title='bbox 395 4280 568 4351; x_wconf 88' lang='lat' dir='ltr'>prostravit,</span> <span class='ocrx_word' id='word_1_282' title='bbox 691 4279 836 4356; x_wconf 85' lang='lat' dir='ltr'>illiusque</span> <span class='ocrx_word' id='word_1_283' title='bbox 860 4296 966 4354; x_wconf 83' lang='lat' dir='ltr'>expers</span> <span class='ocrx_word' id='word_1_284' title='bbox 988 4279 1071 4351; x_wconf 89' lang='lat' dir='ltr'>paris</span> 
     </span>
    </p>
   </div>
   <div class='ocr_carea' id='block_1_8' title="bbox 82 4356 1012 4512">
    <p class='ocr_par' dir='ltr' id='par_1_10' title="bbox 82 4356 1012 4512">
     <span class='ocr_line' id='line_1_44' title="bbox 82 4356 1012 4424; baseline 0.006 -11"><span class='ocrx_word' id='word_1_285' title='bbox 82 4377 86 4390; x_wconf 92' lang='lat'><em>·</em></span> <span class='ocrx_word' id='word_1_286' title='bbox 176 4356 320 4420; x_wconf 82' lang='lat' dir='ltr'>Videutes</span> <span class='ocrx_word' id='word_1_287' title='bbox 343 4379 376 4418; x_wconf 91' lang='lat' dir='ltr'>se</span> <span class='ocrx_word' id='word_1_288' title='bbox 399 4363 512 4420; x_wconf 86' lang='lat' dir='ltr'>terruit.</span> <span class='ocrx_word' id='word_1_289' title='bbox 712 4365 793 4424; x_wconf 87' lang='lat' dir='ltr'>Finis</span> <span class='ocrx_word' id='word_1_290' title='bbox 816 4370 881 4422; x_wconf 89' lang='lat' dir='ltr'>erat</span> <span class='ocrx_word' id='word_1_291' title='bbox 902 4365 1012 4421; x_wconf 90' lang='lat' dir='ltr'>nescia.</span> 
     </span>
     <span class='ocr_line' id='line_1_45' title="bbox 142 4445 961 4512; baseline 0.012 -23"><span class='ocrx_word' id='word_1_292' title='bbox 142 4445 260 4504; x_wconf 74' lang='lat' dir='ltr'>Daniel,</span> <span class='ocrx_word' id='word_1_293' title='bbox 276 4451 342 4495; x_wconf 80' lang='lat' dir='ltr'>Thes.</span> <span class='ocrx_word' id='word_1_294' title='bbox 358 4451 436 4508; x_wconf 72' lang='lat' dir='ltr'>Hymn.</span> <span class='ocrx_word' id='word_1_295' title='bbox 450 4452 474 4500; x_wconf 84' lang='lat' dir='ltr'>V.</span> <span class='ocrx_word' id='word_1_296' title='bbox 930 4458 961 4512; x_wconf 80' lang='grc'>19</span> 
     </span>
    </p>
   </div>
   <div class='ocr_carea' id='block_1_9' title="bbox 0 0 1398 5024">
    <p class='ocr_par' dir='ltr' id='par_1_11' title="bbox 0 0 1398 5024">
     <span class='ocr_line' id='line_1_46' title="bbox 0 0 1398 5024; baseline 0 1"><span class='ocrx_word' id='word_1_297' title='bbox 0 0 1398 5024; x_wconf 95' lang='lat' dir='ltr'> </span> 
     </span>
    </p>
   </div>
  </div>
 </body>
</html>
