2848 5030
108 667 111 674 ,
174 609 257 668 Idem
280 615 365 668 tenes
387 615 526 689 perpetui
552 631 555 634 ·

175 697 339 770 potentiam
360 695 502 769 paradisi,

175 797 276 838 omnes
300 783 382 838 cives
405 787 435 838 te
458 781 584 842 adorant
606 783 728 856 superi.'

125 901 154 957 4.
171 898 223 960 ,Tu
244 899 275 956 in
298 901 409 974 templo
433 901 488 958 Dei

175 985 360 1066 thuribulum
383 1003 508 1044 aureum

174 1073 256 1128 visus
281 1089 313 1128 es
335 1071 479 1129 habuisse
501 1073 646 1142 manibus,

174 1156 247 1212 Inde
270 1157 417 1214 scandens
440 1175 534 1232 vapor

174 1247 307 1299 aromate
329 1243 455 1317 plurimo

173 1329 308 1402 pervenit
331 1334 400 1385 ante
424 1335 619 1404 conspectum
641 1329 703 1387 Dei.

126 1448 154 1504 5.
178 1447 303 1519 Quando
328 1465 396 1506 cum
418 1448 547 1506 dracone
570 1467 711 1524 magnum
732 1449 885 1522 perfecisti
907 1449 1062 1522 proelium,

175 1534 310 1590 saucibus
333 1535 411 1590 illius
435 1537 547 1593 animas
572 1536 675 1592 eruisti
697 1535 850 1608 plurimes.

174 1619 250 1676 Hinc
273 1621 430 1676 maximum
453 1621 600 1695 agebatur
622 1622 651 1676 in
674 1621 758 1677 coelo
782 1620 941 1685 silentium,

175 1705 267 1762 millia
290 1705 412 1762 millium
435 1705 589 1763 dicebant:
614 1707 696 1762 salus
719 1707 784 1779 regi
808 1704 941 1762 domino!

126 1825 153 1882 6.
177 1823 255 1880 Audi
278 1843 332 1881 nos
355 1825 515 1893 Micbahel,
611 1895 617 1910 ·

173 1911 280 1985 angele
303 1927 426 1977 summe,

174 2001 209 2051 tu
228 2010 334 2069 parum
357 1995 507 2054 descende

112 2141 115 2144 ,
175 2079 211 2137 de
233 2081 295 2154 poli
318 2081 399 2150 sede,
470 2140 478 2146 ,

175 2167 405 2224 nobis'ferendo
429 2183 516 2241 opem
540 2167 658 2232 domini,

175 2257 266 2326 atque
289 2253 426 2310 levamen
447 2253 659 2329 indulgentiae.

174 2337 219 2393 Tu
242 2343 362 2394 nostros
385 2337 528 2396 Gabrihel

173 2424 278 2480 hostes
300 2427 466 2498 prosterne,

174 2515 206 2564 tu
228 2509 386 2583 Raphahel
409 2511 509 2585 aegris

175 2591 247 2651 affer
268 2594 424 2663 medelam,

176 2679 293 2736 morbos
317 2681 467 2756 absterge,
491 2697 583 2738 noxas
607 2680 696 2750 dilue,
802 2677 814 2688 ⁶

177 2783 290 2840 nosque
312 2767 359 2822 fac
382 2769 528 2823 interesse
551 2766 668 2841 gaudiis

176 2849 337 2910 beatorum.

191 3003 271 3063 Satis
297 3012 411 3064 certum
433 3005 560 3074 videtur,
584 3013 720 3065 neutram
743 3009 917 3082 sequentiae
940 3009 1028 3065 huius
1051 3007 1176 3065 formam

107 3107 226 3148 carmen
249 3109 317 3148 esse
339 3094 532 3166 primaevum,
557 3092 612 3150 sed
633 3098 791 3168 utramque
814 3096 984 3151 innovatam
1007 3111 1042 3150 ex
1064 3093 1175 3166 hymno

105 3178 282 3252 antiquiore,
300 3176 420 3234 condito
435 3178 572 3236 versibus
589 3178 805 3254 quindenarum
821 3179 1003 3253 syllabarum
1017 3177 1055 3234 ad
1070 3178 1174 3252 rhyth-

105 3280 184 3319 mum
206 3265 372 3320 tetremetri
395 3263 540 3345 trochaici
563 3265 702 3321 catalecti
726 3265 956 3339 dispositarum
987 3270 1078 3340 atque
1107 3279 1175 3320 eam

104 3349 294 3418 novationem
316 3350 428 3407 factam
452 3367 529 3416 esse,
553 3357 586 3406 ut
609 3367 676 3406 cum
699 3351 799 3425 aliquo
829 3350 916 3407 modo
939 3351 1053 3406 musico
1076 3354 1175 3404 textus

105 3438 175 3507 apte
199 3435 303 3502 coiret,
327 3435 414 3490 facile
438 3437 633 3508 suspicamur.
678 3436 834 3510 Apparent
855 3455 911 3510 per
933 3440 1026 3492 totam
1049 3451 1177 3507 sequen-

104 3521 176 3574 tiam
199 3518 337 3593 quadrati
359 3537 465 3578 versus
488 3521 536 3577 vel
559 3522 677 3596 integri,
701 3522 749 3580 vel
771 3522 866 3578 levius
895 3522 1076 3596 graviusque
1108 3535 1177 3574 con-

105 3605 165 3660 tusi
188 3609 218 3661 et
241 3605 365 3672 confusi,
390 3609 420 3661 et
443 3608 547 3680 paucis
571 3611 686 3662 tantum
714 3608 789 3664 locis
820 3605 981 3664 eorundem
1010 3606 1178 3678 fragmenta

105 3695 175 3746 sunt
198 3692 284 3764 quasi
306 3692 336 3746 in
360 3696 514 3748 caementa
537 3693 732 3759 comminuta,
762 3697 796 3748 ut
822 3694 903 3766 prior
925 3696 1032 3748 nature
1054 3707 1113 3744 non
1135 3689 1178 3744 sa'·

106 3776 162 3830 cilc
185 3782 375 3850 agnoscatur.
412 3775 525 3851 Integri
541 3776 680 3852 quadrati
695 3783 766 3834 sunt
787 3796 814 3836 v.
830 3779 880 3838 21.
903 3783 933 3834 et
951 3776 1011 3844 23„
1035 3780 1098 3832 tum
1119 3789 1179 3830 uns

81 3921 86 3926 ,
107 3859 224 3934 syllaba
247 3863 328 3918 aucti
351 3853 400 3921 22.
424 3867 454 3920 et
476 3863 535 3930 24„
560 3881 636 3937 qnos
659 3864 740 3920 nullo
764 3865 885 3938 negotio
908 3862 1126 3931 restituerimus
1148 3861 1178 3916 in
1201 3900 1205 3908 1

104 3961 210 4019 puram
226 3947 351 4004 somnam
366 3949 478 4022 scripto
493 3950 543 4008 22.
567 3951 663 4017 eius,
679 3950 729 4008 24.
753 3950 851 4008 mille
875 3948 1005 4014 millia;
1027 3947 1177 4004 levissime

106 4031 245 4088 turbatus
262 4037 437 4093 tetrameter
451 4035 637 4108 recolligitur
653 4052 688 4091 ex
704 4034 752 4093 36.
770 4033 832 4093 37.;
857 4039 966 4108 atque
989 4051 1052 4090 nos
1075 4033 1093 4090 f.
1116 4033 1175 4088 int.

104 4117 132 4173 b.
156 4135 183 4191 g,
229 4119 286 4174 Alii
302 4119 455 4194 aliquanto
479 4123 599 4194 gravius
621 4115 768 4178 immutati
790 4122 919 4176 sortasse
943 4121 985 4177 sic
1009 4124 1079 4176 suut
1093 4118 1180 4174 resti-

105 4201 223 4258 tuendi:
248 4202 276 4260 5.
302 4204 328 4262 6.
352 4210 390 4260 te
413 4222 491 4260 nam
513 4225 564 4280 pr.
590 4223 678 4263 esse
702 4225 773 4280 sup.
797 4224 847 4281 pr.
872 4205 938 4274 (om.
963 4201 1114 4268 civium).
1136 4229 1179 4248 -v-

105 4287 133 4345 7.
158 4289 185 4345 8.
210 4293 247 4344 te
270 4289 449 4348 Deum'or.
474 4291 588 4349 nobis
613 4291 677 4348 dir.
703 4309 782 4366 aug.
805 4317 849 4328 -
881 4291 909 4350 9.
935 4291 980 4348 10.
1004 4286 1179 4357 (secundum

28 4377 30 4380 '
105 4373 232 4430 alteram
266 4377 441 4449 sequentiae
472 4376 607 4443 formam)
644 4379 904 4454 principalem
937 4379 1180 4453 potestatem

165 4473 285 4526 Daniel,
298 4469 365 4518 Thes.
380 4475 458 4532 Hymu.
472 4475 495 4520 V.
685 4491 719 4520 ns
957 4532 961 4537 .
978 4469 993 4524 7
