2732 5026
555 441 621 517 m
681 487 688 500 .

113 620 188 679 'Iter
208 627 237 680 et
258 619 353 680 dicet:
376 619 539 691 Maledicti‚
562 623 604 680 ite
626 623 734 682 vos.in
755 627 916 692 tartarum

58 708 62 713 ’
82 705 115 766 51
133 707 239 766 Sanctis
261 725 347 766 vero:
361 706 541 777 -Benodicti,
564 709 663 769 venite
686 707 726 766 ad
747 709 887 784 gloriam:

258 794 400 850 miserere
422 795 490 862 mci,
512 795 662 868 piissime!

132 927 174 984 Sic
195 895 369 986 claudentur
391 929 543 987 tenebrosi
566 929 595 997 (l.
612 927 783 996 tenebroso)
802 935 980 1005 peccatores
996 947 1126 1002 carcere,

131 1019 158 1070 et
176 1013 320 1072 ardebunt
331 1021 366 1071 ut
379 1013 568 1090 dampnantis
577 1014 606 1083 (l.
616 1014 757 1082 damnati)
767 1033 834 1072 cum
842 1015 970 1074 stridore
979 1016 1126 1074 dentium:

260 1100 298 1156 ab
321 1101 444 1168 inferno,
469 1101 597 1169 Christe,
620 1119 675 1158 nos
697 1099 806 1158 libers!

79 1233 110 1292 55
128 1235 203 1292 Tunc
225 1237 314 1294 electi
337 1235 376 1293 ad
396 1237 574 1312 promissam
596 1235 681 1292 ibunt
701 1238 773 1294 laeti
794 1240 931 1314 patriam,
966 1266 995 1294 κ

130 1320 172 1378 ubi
191 1323 284 1380 >vitam
306 1324 519 1396 sempiternam
540 1321 695 1378 habebunt
717 1339 784 1379 cum
806 1325 937 1398 angelis:

257 1410 433 1500 poenitenti,
456 1407 585 1476 Christe,
610 1405 803 1466 deveniam!

127 1543 189 1602 Vita
211 1545 263 1602 illa
287 1543 351 1602 dies
375 1545 440 1612 crit,
462 1561 522 1620 pax
543 1549 637 1620 atque
659 1548 818 1604 securitas!

126 1647 208 1705 quem
228 1629 375 1690 videbunt
398 1629 632 1705 congaudentes,
655 1631 732 1688 facie
755 1631 938 1690 adfaciem:

16 1799 25 1812 γ’
79 1711 110 1778 it
262 1717 408 1774 miserere
430 1717 497 1784 mei,
520 1717 669 1791 piissime!

126 1853 227 1923 Kriste,
250 1870 352 1910 rerum
374 1838 535 1910 fabricator
557 1857 588 1908 et
609 1851 782 1927 redemptor
804 1856 942 1922 omniurn,

16 2003 17 2012 χ
126 1941 238 2013 suscipe
262 1955 369 1996 vocem
392 1939 547 1994 clamantis
570 1936 609 2017 ad
631 1941 671 2006 tc,
695 1955 818 2012 quaeso,
841 1941 954 1996 miseri:

259 2024 297 2082 ab
320 2025 444 2093 inferno,
468 2023 596 2091 Christe,
620 2041 675 2080 nos
697 2024 806 2080 libera!

125 2159 228 2220 Yinnos
252 2161 307 2219 tibi
329 2167 362 2218 ut
385 2165 528 2236 acceptos
550 2161 666 2218 valeam
689 2161 872 2235 persolvere,

16 2283 18 2308 i
75 2241 106 2304 55
126 2247 160 2304 do
179 2248 297 2306 misello
321 2245 358 2304 de
380 2249 514 2321 peccatis
536 2263 638 2304 veram
659 2246 890 2321 indulgentiam!

164 2393 167 2400 ,
257 2335 435 2408 poenitenti,
459 2332 588 2400 Christe,
612 2331 651 2388 da
671 2335 804 2390 veniam!

124 2469 190 2527 Zeio
212 2477 266 2528 tuo
289 2475 398 2545 pectus
420 2487 519 2526 meum
541 2469 589 2526 fac
612 2467 718 2528 ardere
742 2472 861 2546 iugiter,

123 2574 156 2612 nc
177 2558 298 2614 flamma
321 2557 476 2631 gehennae
499 2572 596 2611 meam
617 2571 749 2631 unquam
770 2562 839 2614 urat
861 2558 1002 2614 animam!

202 2703 205 2706 ,
258 2642 490 2709 misereremei,
512 2642 663 2715 piissime!

17 2755 19 2760 ⁵
71 2775 104 2835 7⁰
122 2779 304 2838 Luctnosum
326 2781 433 2853 scripsi
454 2777 627 2852 rhythmum
649 2779 864 2854 querclumquc
886 2767 1020 2847 fletibus;

75 2919 77 2928 .
123 2883 179 2940 qno
200 2868 296 2935 finito,
319 2882 437 2922 mecum
459 2881 561 2922 omnes
585 2863 714 2921 clament
736 2881 857 2952 quoque
880 2865 1020 2941 singuli!

259 2952 297 3010 ab
319 2951 443 3019 inferno,
467 2949 594 3019 Christe,
617 2967 672 3010 nos
694 2948 802 3008 libera!

362 3239 365 3244 ·
438 3213 592 3283 ODeor
617 3216 747 3283 miseri.

83 3327 192 3388 Carmen
208 3332 411 3404 poenitentiale
430 3331 628 3388 Codcschodki
663 3333 710 3387 Du
727 3331 809 3386 Meril
826 3332 848 3387 1.
866 3348 893 3402 p.
913 3335 970 3388 1⁷⁷.
988 3347 1022 3386 cx
1041 3331 1109 3387 Cod.

326 3419 397 3472 Bibl.
415 3417 486 3488 Reg.
505 3419 593 3474 Paris.
613 3421 687 3474 1154.
706 3435 779 3473 saec.
797 3419 846 3472 XI.

164 3551 190 3608 Ο
211 3551 294 3608 Deus
315 3551 415 3608 miseri
454 3549 457 3562 ¹
698 3549 723 3606 0
746 3549 827 3605 Deus
850 3549 950 3606 miseri
973 3547 1057 3615 etesi

163 3638 305 3694 miserere
328 3637 421 3694 servi!
561 3635 564 3646 '
656 3634 701 3692 Tu
724 3625 780 3703 me,
804 3633 937 3702 Domine,
960 3635 1058 3691 fecisti

123 3719 164 3778 Ex
185 3735 245 3798 quo
269 3723 347 3780 enim
368 3739 417 3778 me
438 3721 553 3778 inssisti
597 3721 635 3780 10
698 3725 733 3776 ut
756 3721 898 3778 servirem
920 3719 988 3788 tibi3

163 3807 294 3866 huncio
313 3805 455 3864 mundum
477 3807 570 3874 nasci,
659 3823 715 3882 ego
738 3807 828 3862 miser
850 3810 880 3861 te
903 3804 1010 3874 dimisi,

87 3889 104 3948 5
122 3909 194 3966 prae
216 3895 331 3952 cunctis
354 3911 411 3968 ego
432 3894 529 3950 amavi
701 3899 732 3948 et
753 3891 844 3966 longe
866 3890 953 3950 abivi.

164 3980 410 4054 vanitatepasci.
656 3977 736 4034 Heu!
760 3976 833 4052 quid
855 3979 955 4035 evenit
976 3978 1065 4035 mihi!

124 4061 201 4122 Heu!
224 4064 296 4141 quid
319 4065 418 4123 evenit
440 4063 530 4120 mihi?
630 4065 634 4072 '

71 4185 261 4198 —-—....-..

65 4252 69 4262 '
129 4253 151 4320 ’i
167 4253 230 4311 Duo
248 4261 334 4314 habet
352 4275 465 4312 carmen
482 4258 711 4339 hypopsalmata:
736 4257 855 4312 alterum
876 4258 906 4312 in
923 4257 1126 4312 versiculorum

70 4323 189 4376 exordio:
207 4326 232 4380 0
249 4327 343 4380 Dens
361 4328 484 4384 miseri
497 4341 666 4381 miserere
684 4328 763 4390 mci,
778 4327 898 4382 alterum
911 4328 940 4380 in
953 4327 1043 4380 coice:
1057 4325 1129 4384 Heu
1221 4375 1225 4378 .

70 4389 145 4456 quid
162 4396 277 4452 creuit
294 4396 384 4450 mihi.
