2788 5024
234 611 259 668 1.
272 603 349 665 Audi
370 605 472 678 Virgo,
494 603 593 661 Mater
612 605 735 674 (lhristi,
806 603 894 674 nudi,
918 606 1039 664 Christo
1061 609 1220 676 moriente,

274 693 357 763 Quae
380 705 434 765 per
457 689 577 746 Flamen
600 691 765 766 concepisti
809 692 885 762 Quio
907 694 973 768 ipso
997 693 1202 767 triumphante

316 776 464 833 Gabrielia
486 777 607 832 nuncio:
853 777 964 835 Nostra
985 780 1019 836 nt
1041 778 1217 854 redemptio.

272 860 351 920 Audi
374 863 445 937 (Ιώ
467 861 530 917 ⁰⁶⁰
553 862 643 936 Plena
769 897 796 956 3.
810 895 899 963 Audi,
924 897 994 974 quia
1016 901 1059 955 tui
1081 897 1151 954 Nati
1205 907 1211 912 '

271 949 423 1023 Pepeffifi
439 948 510 1050 ¹⁸¹⁰,
524 963 622 1048 P⁰⁰‚¹¹²
810 983 906 1052 Quem
928 983 1052 1042 dolebas
1074 989 1200 1042 mortem
1222 988 1293 1059 pati

259 1093 267 1098 ·
315 1033 389 1091 cum
404 1031 528 1108 Pndom
544 1033 613 1092 mm·
852 1069 961 1143 Fulget
982 1069 1188 1137 Resurrectio;

228 1151 346 1214 zaudi
369 1153 476 1227 Magos
499 1149 666 1219 advenisse,
810 1153 902 1222 nudi,
926 1155 1045 1211 Christo
1069 1155 1265 1224 accendente,

272 1237 765 1312 Aurum,thus‚myrrhamdediaee
810 1238 867 1308 Qui
888 1241 918 1296 in
941 1241 1053 1308 coelos,
1076 1245 1106 1297 te
1128 1239 1264 1310 vidente,

313 1325 378 1381 Tuo
401 1324 576 1400 Unigenito;
850 1325 935 1382 Motu
958 1327 1053 1382 fertur
1074 1328 1204 1400 proprio.

312 1444 467 1502 Ecclesiol.
490 1443 508 1501 l.
532 1461 572 1501 c.:
607 1443 675 1500 Ttie
696 1461 838 1520 sequence
860 1447 887 1502 ie
907 1445 1010 1520 copied
1027 1447 1143 1517 [roma
1169 1447 1304 1530 diptyclc,

227 1529 308 1604 osne
321 1537 408 1604 creat
428 1529 582 1603 antiquity,
601 1529 764 1605 preserved
783 1527 844 1586 ancl
862 1527 937 1588 used
956 1528 995 1606 inf
1010 1527 1059 1588 tlte
1067 1531 1173 1606 peeu'eb
1189 1531 1307 1589 bburct

227 1618 265 1688 os
281 1617 362 1683 Iron,
385 1618 415 1672 in
441 1615 611 1690 Guijruecoa.
655 1615 685 1672 1ae
710 1617 737 1671 ic
765 1631 840 1690 tunc
862 1617 968 1690 derinp
991 1609 1179 1674 Zoster-tide.
1225 1618 1260 1674 Ic
1280 1621 1310 1674 le

226 1705 289 1760 cleo
307 1701 404 1774 found
423 1702 453 1758 in
477 1701 641 1758 tteMissal
661 1701 872 1775 ofStrenpuoa
896 1704 934 1774 of
950 1703 1042 1758 which
1064 1720 1106 1758 ecc
1127 1703 1206 1760 shall
1228 1704 1307 1760 aava

226 1806 305 1844 more
328 1795 356 1844 to
377 1803 431 1858 say
454 1789 484 1842 in
508 1787 555 1842 tlte
577 1793 651 1844 next
672 1787 798 1843 number.
815 1814 859 1826 --
881 1783 908 1846 2.
933 1785 1034 1856 omisa,
1057 1787 1086 1844 in
1103 1783 1309 1863 Strengnenci

225 1873 302 1930 libro
326 1870 398 1940 (lod,
427 1873 608 1948 magis-
648 1867 819 1928 suisred.
859 1871 885 1931 3.
909 1871 968 1936 Str.
994 1871 1178 1930 coeloset
1201 1873 1308 1949 quod

226 1965 264 2016 te
287 1953 452 2016 vidente.
503 1993 510 2004 -

659 2053 863 2064 -ῠ--ι-ι--ι--ι-

312 2195 382 2258 677.
421 2181 549 2266 [Gniue
585 2185 665 2253 que
702 2188 898 2254 secundum
933 2203 1060 2256 nomen
1087 2188 1167 2255 ciue
1189 2192 1251 2256 eet
1273 2191 1311 2258 ec

221 2273 344 2361 910110.
389 2281 672 2356 De‘Apoatolis.
696 2277 811 2339 Neale
835 2283 905 2358 Suq.
928 2303 957 2358 p.
969 2283 1032 2342 210
1055 2301 1071 2340 e
1093 2283 1212 2340 Micatli
1237 2283 1308 2340 Pic-

188 2359 193 2368 ‘
225 2369 351 2428 turiensi
392 2365 424 2424 P.
460 2365 572 2424 Mona
610 2362 660 2424 lll.
697 2385 725 2444 p.
759 2367 801 2427 00
837 2366 910 2435 (lla.
954 2387 992 2426 zu
1027 2369 1307 2444 Donauecchingen

229 2457 275 2514 ln
297 2453 402 2512 Jahrh.
425 2447 481 2522 Di]

204 2584 212 2600 ·
289 2575 381 2633 Cuius
394 2575 460 2630 laus
476 2571 640 2629 secundum
655 2591 763 2629 nomeu
829 2573 913 2643 Quae
936 2571 1046 2650 ubique
1069 2571 1285 2648 praedicerent

287 2661 359 2718 llius
382 2665 429 2716 est
452 2663 482 2716 et
502 2659 607 2732 gloria,
799 2688 803 2724 1
868 2659 938 2718 Eius
960 2661 1138 2718 testimonia.

286 2749 324 2805 Et
345 2747 375 2802 in
397 2746 537 2802 universa
550 2749 640 2800 ,terra
763 2745 803 2804 25
826 2745 866 2802 lli
887 2751 957 2802 sumt
980 2746 1060 2802 coeli
1082 2747 1276 2806 continentes

329 2831 386 2902 Qui
409 2829 492 2886 dedit
513 2828 630 2897 iudicia,
867 2831 988 2888 Secreta
1010 2832 1167 2888 coelestia:

244 2919 384 2979 5Timet
405 2933 475 2972 rcus
498 2913 675 2982 iudicandus
825 2915 863 2972 Hi
886 2923 956 2973 sunt
978 2916 1072 2974 nobee
1094 2915 1173 2973 unde
1196 2925 1305 2976 manat

171 3001 180 3007 “
327 3003 419 3060 Teste
442 3001 633 3069 couscientia,
861 3001 1070 3060 Doctrinarum
1091 3003 1209 3076 pluvia:

286 3089 376 3146 Amat
397 3089 494 3144 iustus
516 3084 688 3143 liberandus
824 3087 866 3162 llix
884 3093 954 3144 eunt
975 3087 1079 3162 templi
1094 3086 1301 3147 fundamenta

211 3189 216 3196 ·
328 3175 399 3232 Eius
416 3172 481 3230 sola
502 3174 607 3246 gratia.
748 3171 804 3249 ,30
866 3172 943 3230 Sunt
963 3179 1086 3247 portae,
1110 3179 1180 3229 aunt
1202 3177 1301 3232 atria:

284 3249 758 3332 Hacctanquamabyssuamulta
823 3259 899 3316 Sunt
920 3259 1010 3316 bases
1033 3264 1123 3334 atque
1139 3259 1300 3318 columnae

328 3345 404 3403 Sunt
426 3341 644 3400 inscrutabilia:
867 3341 981 3412 Quibus
1005 3347 1065 3401 stat
1087 3341 1242 3421 Ecclesia:
1389 3385 1390 3388 ,

224 3435 263 3495 10
286 3431 346 3492 Sed
369 3425 406 3488 de
429 3431 491 3486 Deo
515 3435 603 3487 nanus
626 3425 708 3486 Deus
802 3430 878 3488 Sunt
899 3425 949 3485 lux
971 3425 1072 3486 muudi
1098 3425 1191 3488 verbo
1215 3434 1300 3490 vitae

325 3517 380 3576 Dei
397 3517 551 3592 Sapientia
859 3513 1050 3572 Illustrantcs
1074 3513 1188 3572 omnia:

282 3605 345 3662 Nos
369 3621 405 3660 ex
427 3601 487 3658 alto
512 3601 643 3660 visitavit
699 3659 702 3664 ,
758 3600 797 3660 35
821 3597 897 3658 Sunt
919 3599 965 3668 sal
987 3599 1086 3660 terrae
1108 3595 1289 3662 condientes
1389 3621 1390 3669 j

325 3690 363 3746 Et
385 3687 518 3747 venitin
539 3687 671 3760 propria,
835 3754 838 3761 Ι
864 3681 983 3743 Morum
1003 3677 1220 3761 temperantia:
1388 3685 1389 3690 ’

96 3837 101 3846 ,
223 3778 261 3838 15
283 3776 393 3832 Factus
416 3771 505 3830 homo
529 3774 581 3848 qui
603 3769 735 3830 narravit
821 3762 1058 3846 Suntpastorcs
1080 3773 1268 3846 populorum

324 3859 417 3916 Nobis
439 3855 515 3916 haec
539 3855 650 3915 etalio
862 3857 1023 3914 Servantes
1039 3858 1139 3916 ovilla:

284 3945 368 4016 Quae
389 3943 531 4001 latebant
545 3943 575 4000 in
597 3943 702 4019 figuris
821 3943 899 4000 Sunt
918 3941 1068 4010 docterca
1092 3942 1288 4004 subditorum

326 4029 454 4088 Occulta
474 4031 626 4104 mysteria.
759 4028 801 4088 40
865 4027 1047 4086 Exercentec
1068 4027 1175 4086 etudia.

282 4117 381 4176 Stulta
404 4133 526 4191 quoque
552 4113 653 4171 mundi
675 4115 757 4172 Deus
822 4114 935 4181 llorum
958 4131 1031 4190 ergo
1053 4115 1229 4188 flaffl‘temur

218 4206 259 4267 20
324 4203 362 4259 Et
384 4201 619 4274 contemptibilia
654 4207 657 4212 '
862 4199 971 4256 Omnes
993 4201 1171 4274 patrocinia:

229 4339 232 4346 .
279 4288 456 4349 sublimavit
478 4285 623 4360 dignitate
662 4321 666 4330 ι
699 4293 703 4303 “
748 4328 752 4339 .
814 4285 855 4344 Ut
876 4299 946 4342 eum
963 4285 1024 4342 illic
1046 4283 1213 4360 adunemur

321 4373 471 4436 Praeseoit
492 4374 634 4447 potentia,
833 4380 835 4384 ·
861 4369 895 4427 In
918 4371 1044 4430 conlecti
1064 4369 1175 4430 Patria
