2772 5024
5 599 7 606 ’
92 599 210 670 ruam
232 601 391 658 nemenio
409 598 574 675 judicantis
592 600 671 656 'Cum
692 598 758 656 dies
780 600 918 667 illuxerit,

146 687 233 744 Festa
255 705 383 761 quorum
404 686 623 760 praedicamus,
646 685 826 743 hiisceamur
849 684 979 760 gaudum

146 773 181 828 Et
203 772 313 846 quibus
335 792 396 830 non
418 778 467 828 est
489 787 607 840 corona,
632 771 676 828 Sit
698 770 773 828 fides
795 770 835 828 ad
858 771 992 844 gloriam.

40 879 42 885 ⁴
146 891 223 947 Laus
247 891 300 948 tibi
322 909 378 966 per
400 909 486 948 omne
509 897 638 964 tempus,
662 889 790 946 Trinitas
813 883 994 958 indifferens,

147 975 233 1043 Laus,
256 977 361 1045 honor,
386 980 540 1052 virtusque
563 991 686 1044 summa,
711 975 875 1050 Singularis
898 975 1002 1050 gloria,

90 1061 125 1119 15
148 1059 227 1132 Quae
250 1063 347 1118 Deum
369 1069 398 1119 te
422 1061 618 1128 saeculorum,
643 1061 788 1117 Personat
810 1063 839 1116 in
863 1061 993 1117 saecula.

377 1273 508 1344 Grates
530 1273 591 1340 tibi
608 1272 705 1340 Joru
725 1291 851 1340 hovae.

87 1377 166 1430 l'bes.
183 1374 203 1427 Ι.
222 1393 249 1442 p.
261 1379 302 1430 41.
337 1375 381 1430 De
396 1377 449 1430 SS.
463 1376 595 1430 Geryasii
613 1379 641 1426 11
658 1374 781 1428 Protesii
798 1373 955 1441 Martyrum
974 1373 1147 1430 Inventione.

167 1489 292 1545 Carmen
319 1489 519 1556 aThomasio
551 1507 584 1545 ac
607 1486 800 1544 Bollandistis
829 1503 883 1560 pro
908 1489 1035 1562 genuino
1066 1489 1148 1545 foetu
1183 1557 1186 1562 Ι

86 1575 113 1630 S
137 1573 283 1630 Ambrosii
305 1575 417 1642 haberi,
441 1592 538 1649 neque
561 1592 615 1630 nos
631 1573 673 1629 illi
689 1589 741 1628 sen
743 1574 854 1628 tentiae
869 1589 992 1646 prorsus
1009 1573 1148 1643 abnuere

85 1661 141 1716 iam
163 1675 254 1740 supra
270 1667 531 1716 commemoratum
547 1666 601 1717 cst.
632 1659 743 1731 Magna
759 1663 805 1712 est
821 1657 922 1730 hymni
938 1675 1005 1716 cum
1017 1657 1099 1733 epist
1087 1661 1148 1718 tola

84 1737 244 1814 Ambrosii,
268 1761 327 1819 qua
349 1747 548 1802 inventionem
571 1761 728 1818 corporum
752 1749 869 1798 enarrat
892 1741 955 1809 (Ed.
979 1745 1019 1800 M
1048 1745 1094 1802 ll.
1117 1765 1146 1821 p.

83 1830 146 1888 871
168 1789 246 1904 sqqi
270 1832 455 1899 coniunctio,
485 1849 543 1886 non
566 1833 595 1886 in
617 1829 706 1886 rebus
731 1829 842 1897 solum,
874 1827 979 1884 adeo
972 1846 1014 1886 ιιι
1024 1831 1147 1888 uocibus

83 1933 118 1972 ac
142 1917 307 1972 sentieniis.
352 1913 455 1984 Porro,
480 1935 547 1972 cum
569 1917 641 1974 nihil
664 1915 814 1988 antiquius
838 1919 908 1970 utnc
931 1915 1056 1972 haberet
1079 1917 1158 1972 Am·'

81 2001 208 2068 brosius,
226 2019 315 2075 quam
330 2007 363 2057 ut
375 2001 502 2058 Arianos
518 2003 700 2078 profligaret,
717 2005 864 2072 martyres
880 2006 1017 2074 repertos
1034 2017 1148 2058 eorum-

82 2102 140 2161 que
168 2087 313 2142 miracula
337 2085 522 2154 deridentes,
554 2106 612 2143 non
635 2089 789 2152 miramur,
821 2083 902 2160 quod
932 2085 1037 2142 eadem
1067 2103 1148 2144 arma

81 2174 210 2246 sumpsit
233 2178 354 2228 sanctus
377 2175 513 2241 antisteS,
537 2173 644 2247 quibus
667 2173 725 2227 iam
748 2175 837 2226 antea
859 2171 1029 2228 haereticos
1051 2175 1148 2246 repel-

80 2259 141 2314 lere
165 2257 272 2314 solitus
296 2264 350 2314 est.
396 2259 521 2332 Hymnis
544 2259 646 2332 populi
669 2257 771 2320 usibus
795 2255 1000 2313 accommodat
1001 2259 1026 2313 is
1050 2263 1095 2314 ort
1084 2259 1149 2316 tho-

40 2377 43 2386 ι
81 2343 187 2399 doram
211 2341 248 2398 de
270 2339 383 2399 Trinita
385 2343 604 2408 tedoctrinam
628 2361 682 2399 con
684 2349 730 2398 tra
752 2343 879 2398 Arianos
903 2345 1009 2410 munit,
1036 2343 1147 2418 hymno

81 2447 230 2504 quoque
226 2433 311 2484 sanct
313 2447 395 2486 orum
418 2435 494 2485 mart
496 2447 580 2503 yrum
594 2421 859 2512 ᾖαυματουργῶν
852 2433 953 2484 inirent
953 2429 1051 2485 ionem
1074 2433 1150 2523 ceci

80 2517 122 2570 nit
143 2515 265 2570 Arianis
287 2517 494 2588 perniciosam.

162 2599 293 2656 Matrica
316 2601 452 2657 carminis
475 2601 550 2656 ratio
574 2617 632 2655 non
648 2599 768 2674 indigna
784 2605 831 2656 est
846 2599 1012 2656 Ambrosio.
1044 2597 1148 2678 Neque

80 2683 196 2740 alienus
227 2684 263 2740 ab
293 2686 418 2741 iambico
449 2691 543 2741 metro
567 2685 711 2758 Dactylus
741 2703 768 2742 v.
794 2686 874 2740 lt
843 2691 934 2759 atque
958 2683 1148 2758 Anapaestus
1180 2707 1183 2716 ι
1208 2687 1220 2702 ”

79 2788 105 2825 v
132 2768 181 2828 18.
227 2763 372 2844 Displicet
360 2771 573 2826 t'lrochaeus
596 2789 623 2826 v.
651 2771 752 2828 121
722 2776 752 2826 et
774 2771 913 2845 neglecta
882 2771 1024 2860 telisio
1046 2789 1073 2828 v.
1099 2772 1148 2854 3¹:

77 2841 222 2911 Fortasse
245 2855 405 2930 legendum
429 2863 513 2912 cont
520 2861 603 2912 actu
627 2861 661 2911 et
649 2855 814 2960 tumbra.

87 3121 105 3153 ·.
175 3131 178 3136 Ι
254 3049 343 3116 Atrei
364 3051 559 3138 prophetoe
578 3035 771 3137 properatae
787 3052 859 3138 pia
908 2997 1021 3118 Th.

287 3153 372 3214 Thes.-
388 3151 409 3204 Ι.
427 3169 453 3238 p.
473 3153 529 3208 roo.
564 3152 608 3205 De
631 3152 658 3215 S
676 3151 786 3204 Joanne
808 3152 944 3218 Baptista.

167 3261 238 3320 Cod.
263 3244 395 3323 Rhen'oy.
423 3264 491 3321 lli.
516 3281 594 3320 saec
616 3264 652 3322 ll.
675 3265 801 3338 praebet
828 3271 1000 3322 carmenet
1004 3266 1149 3343 antiqui

83 3350 369 3422 tateetelegantia
391 3351 688 3434 praestantissimum,
713 3350 794 3424 quod
816 3356 932 3424 postea,
955 3369 1032 3408 nova
1051 3355 1149 3426 pullu

82 3430 163 3488 lanta
134 3435 363 3508 thymuorum
385 3439 506 3509 segete,
538 3437 694 3509 expulsum
717 3441 766 3504 est
785 3436 911 3510 hymno:
942 3437 994 3497 111
1016 3447 1149 3512 queant

83 3515 249 3574 111ιί1-
206 3521 477 3598 -—.2parente
486 3521 650 3579 nobilior.
675 3521 874 3580 arescius.
897 3521 927 3580 6.
950 3524 1148 3596 pigriorem

85 3599 113 3657 9.
134 3620 320 3680 puerpera.
347 3606 394 3662 17.
419 3612 476 3662 est
499 3624 555 3662 om.
580 3606 629 3665 27.
655 3605 784 3662 ebrios.

117 3878 124 3884 ,
357 3799 605 3886 Apostolorum
623 3803 759 3888 passio.
807 3800 873 3868 ΤΙι.
929 3791 931 3795 ’

207 3900 290 3954 Thes.
308 3901 330 3954 I.
348 3919 374 3970 p.
394 3903 451 3956 101.
477 3901 533 3964 ue,
551 3902 599 3958 SS.
617 3903 866 3970 Apostolisffletro
883 3906 914 3956 et
930 3901 1025 3960 Pauo.
1114 3915 1120 3927 ·

167 4011 318 4086 Hymnus,
349 4033 438 4089 quem
459 4015 580 4071 Nealius
610 4017 673 4072 iure
696 4016 844 4072 Ambrosii
866 4016 979 4072 loetum
1002 3995 1148 4087 aestimat,

85 4090 295 4165 Apostolorum
317 4101 538 4160 vetustissimus
562 4106 671 4168 11111
694 4105 824 4176 sequiori
846 4107 982 4177 tempore
1004 4102 1071 4158 loco
1087 4123 1149 4158 mo-

86 4179 144 4246 tus,
170 4199 247 4241 cum
252 4186 500 4260 percrebesceret
488 4187 687 4242 tcantileua:
712 4189 831 4244 Aurea
854 4189 944 4244 luce.

154 4288 437 4348 0111111111111
455 4294 1039 4362 111111.(11.1.)1111111.111.1111.Χ1.
1059 4297 1148 4363 (Ra)
1221 4265 1226 4272 ἱ

87 4351 199 4411 Arevali
215 4361 338 4418 Breviar.
357 4363 566 4417 Moaarabicum
585 4363 654 4432 (Μ).
