2822 5026
774 419 819 494 u

556 598 691 678 'Repello
713 596 795 678 q'uod
815 605 1017 679 pavescimus:

487 688 542 746 2¹0
566 687 704 748 Ooneede
727 687 808 764 quod
830 691 1047 764 tepescimus:

567 773 607 832 Ut
629 778 659 830 te
681 775 762 848 pium
785 775 971 834 mitissimum

567 855 736 918 Laudemus
759 862 789 943 in
811 866 997 934 perpetuum.

630 1072 689 1138 Aa
717 1069 874 1140 Sectam.
917 1071 960 1139 B.
1065 1171 1072 1182 ·

511 1229 516 1234 ,
566 1201 638 1257 Tuis
659 1217 750 1275 parce
774 1201 958 1276 supplicibus

566 1285 656 1343 Sexte
677 1286 752 1342 hora
774 1286 927 1343 orantibus

565 1369 632 1440 Qus
653 1372 735 1428 suisti
757 1389 812 1446 pro
834 1371 969 1428 omnibus

566 1457 684 1515 Christe
706 1459 737 1513 in
759 1473 848 1514 cruce
869 1459 996 1532 positus.

539 1581 541 1588 ι
565 1540 621 1611 Qui
643 1545 752 1616 regnas
774 1544 805 1600 in
828 1542 938 1598 secula.

690 1671 893 1684 ...μ-...αμ-

465 1753 595 1821 Reclor
614 1758 742 1841 potens
764 1774 879 1822 omum
900 1753 1013 1822 Deus.
1065 1753 1112 1820 D.

576 1873 659 1925 Thes.
678 1872 698 1924 1.
718 1891 743 1941 p.
762 1875 801 1926 51.
825 1874 870 1926 Ad
889 1873 1009 1926 Sextum.

153 1965 176 1997 ³
276 2003 279 2008 Δ
342 1983 407 2040 Non
431 1983 569 2042 dissentit
592 2001 609 2042 a
633 1985 717 2044 nobis
741 1985 812 2042 Ood.
836 1985 968 2042 Rhenov.
995 1986 1063 2044 111.
1088 2001 1169 2042 saec.
1195 1984 1230 2042 X.

643 2077 665 2129 3.
686 2076 730 2128 Os.
749 2069 934 2130 illumines.

505 2255 507 2260 ’
558 2265 724 2332 Meridie
746 2267 919 2332 orandum
942 2269 1004 2331 eet.

565 2366 649 2418 Thes.
667 2365 687 2423 I.
706 2383 732 2432 p.
752 2367 791 2420 72.
823 2367 867 2418 nd
885 2381 1008 2450 coenam.

339 2478 411 2534 Erat
435 2477 569 2550 Hymnus
591 2480 668 2535 inter
700 2485 840 2554 quatuor,
879 2496 955 2552 quos
982 2478 1003 2534 Ι.
1029 2478 1190 2536 Grimmius
1219 2480 1326 2553 primus

255 2579 289 2618 ac
326 2563 405 2618 hunc
443 2579 538 2636 usque
574 2559 651 2620 diem
689 2565 770 2620 solus
798 2581 814 2619 e
843 2563 946 2620 codice
974 2563 1135 2620 Oxoniensi
1162 2565 1325 2638 evulgemt.

254 2649 317 2722 Ego
341 2665 412 2704 vero
436 2663 554 2704 carmen
577 2651 754 2724 investigavi
777 2653 806 2706 in
823 2648 932 2704 Codice
948 2648 1149 2706 Rhenoriensi
1174 2650 1226 2708 91.
1251 2663 1325 2705 saec.

254 2733 303 2788 XI.
332 2733 461 2789 Praebet
484 2735 650 2807 scripturae
666 2737 842 2791 varietatem
864 2753 890 2790 v.
908 2734 936 2792 6.
960 2725 1145 2790 ninivensis
1168 2733 1326 2808 populis.

254 2819 366 2874 Vitiose
389 2817 468 2894 apud
492 2837 546 2874 nos
585 2839 610 2874 v.
636 2821 663 2876 3.
693 2819 823 2874 cedere
847 2821 1025 2891 impressum
1053 2825 1100 2874 est
1122 2837 1179 2891 pro
1213 2818 1325 2874 edere.

940 2929 948 2944 N

692 2953 892 2962 ..ο--ω-ο-μι-

273 3021 286 3060 <
624 3010 680 3076 De
700 3014 860 3098 septimis.
904 3010 954 3076 M.

318 3143 432 3200 Auctor
457 3144 596 3215 perennis
623 3142 744 3216 gloriae,
811 3143 829 3198 5
853 3142 975 3214 Expelle
999 3141 1117 3198 morbos
1141 3145 1314 3218 corporum,

317 3227 374 3295 Qui
399 3227 580 3298 septiformis
603 3227 718 3300 grptiee
852 3227 962 3282 Mentis
984 3228 1098 3300 repelle
1122 3225 1311 3292 scandalum,
1351 3229 1356 3236 '

297 3311 376 3368 'Dos
400 3311 542 3384 Spiritum
565 3310 763 3376 credentibus,
815 3313 821 3318 '
852 3311 999 3368 Rescinde
1022 3313 1103 3370 virus
1127 3316 1296 3380 eriminum,

315 3395 439 3452 Adsiste
460 3398 540 3452 mitis
563 3395 706 3450 omnibus.
854 3397 938 3470 Fuga
961 3396 1080 3456 dolores
1104 3399 1252 3456 cordium.
1268 3395 1289 3432 κ’

556 3513 596 3571 Ut
617 3531 709 3588 quum
731 3530 836 3586 preces
860 3517 1028 3588 susceperis

494 3600 532 3659 10
556 3599 693 3656 Clemens
716 3605 834 3654 tuarum
854 3599 993 3672 plebium,

484 3753 486 3760 χ
522 3706 530 3713 ’
556 3684 729 3740 Reddumus
753 3701 855 3740 omnes
877 3684 1001 3758 gloriam

556 3769 645 3843 'Pr-ino
669 3770 732 3824 Deo
755 3786 809 3842 per
833 3770 944 3824 secula.

686 3899 858 3908 ——-.—...-

626 3963 683 4032 De
708 3962 853 4032 Octavo.
896 3963 947 4030 M·

311 4097 445 4153 Octavus
468 4095 560 4150 borae
585 4094 713 4150 circulus
807 4092 825 4150 5
851 4093 972 4165 Septem
994 4092 1109 4154 dierum
1133 4097 1270 4154 circulus

309 4182 373 4238 Iam
394 4180 493 4254 vergit
515 4184 546 4236 et
568 4196 622 4236 nos
643 4179 763 4234 instruit
848 4178 932 4234 Nunc
956 4183 1074 4252 tempus
1096 4197 1186 4238 omne
1204 4182 1328 4240 dicitur:

285 4325 288 4339 ,
306 4267 392 4324 Diem
414 4266 505 4320 futuri
528 4265 669 4321 examinis
847 4262 979 4319 Octavus
1002 4264 1053 4320 ille
1076 4264 1203 4324 ultimus

307 4351 429 4410 Deflete
447 4367 514 4410 cum
538 4349 683 4421 suspiriis.
845 4347 909 4404 Erit
930 4347 994 4404 dies
1016 4348 1126 4408 iudicii.
