2772 5024
708 409 774 484 m

1370 541 1372 568 1

208 603 238 659 in
259 597 501 658 libris'vetustis.
540 595 683 652 Hortulus
700 595 814 651 animae
829 591 925 669 Lugd.
951 590 1032 654 11118
1055 588 1275 671 apud‘Moniu‘m
1369 591 1372 642 i

209 673 367 760 strophae:
391 684 487 760 Maria
516 686 613 738 mater
642 689 698 738 etc,
730 680 818 736 aliam
847 679 995 738 adnectit:
1022 678 1056 738 M
1064 683 1147 738 aria
1169 681 1273 756 virgo

208 772 420 845 virginum,
450 773 490 824 tu
512 783 633 842 posce
663 763 780 822 nobis
810 767 973 822 omnium
1002 768 1274 824 remissionem
1309 773 1313 778 '

209 857 429 921 criminum,
453 858 557 910 tuum
579 849 774 926 placando
802 851 937 908 silium.

277 945 325 1000 Oa.
344 945 388 998 Os.
408 945 438 998 P.
457 961 509 998 om.
528 945 621 998 9—12.
640 943 748 996 33-36.
785 945 824 996 17.
843 945 952 996 beata.
987 945 1029 999 ti.
1048 943 1192 997 domina.

293 1044 322 1100 8.
345 1043 450 1098 Mons:
473 1043 607 1114 fenestra
619 1040 751 1096 bedeatet
768 1038 844 1096 stas.
881 1039 991 1114 (Magis
1009 1040 1112 1114 placet
1127 1039 1275 1096 adnotatio
1370 1079 1372 1106 ,

209 1126 377 1202 Thesauri.)
421 1128 530 1185 Petras
551 1127 685 1184 Damiaai
713 1143 799 1181 carm.
826 1124 872 1180 61.
901 1126 954 1182 hat
981 1125 1061 1183 dicae
1084 1125 1276 1183 8111111111-
1371 1107 1372 1142 ³

208 1215 340 1290 qeatmt:
373 1214 451 1270 celsa
472 1213 537 1288 poli
562 1213 704 1284 fenestra.
755 1208 841 1265 Adde
871 1211 1091 1284 Fulgentiumz-
1113 1211 1207 1267 Facta
1235 1205 1277 1268 est

209 1301 305 1356 Maria
327 1298 460 1354 fenestra
482 1297 573 1364 coeli,
602 1297 672 1371 quia
694 1311 748 1368 per
770 1296 867 1380 ipsam
883 1289 965 1352 ‘fudit
986 1296 1068 1386 Deus
1090 1313 1197 1354 rerum
1218 1313 1277 1353 sae·

105 1411 107 1417 c
210 1385 268 1441 culi
290 1383 398 1440 lumen.

294 1469 428 1526 Diversis
451 1465 618 1524 nominibus
640 1465 813 1522 inscribitur
835 1447 971 1540 Hymnus
994 1467 1024 1523 in
1048 1465 1212 1524 codicibus.
1241 1467 1277 1523 M.

208 1555 238 1612 in
253 1554 346 1612 natali
355 1553 477 1610 Mariae.
497 1551 569 1607 Alii:
586 1551 620 1607 In
634 1552 849 1626 purificatione,
867 1553 1072 1626 assumptione
1088 1557 1149 1610 etc.
1173 1551 1277 1608 Radal-

209 1641 304 1714 phus:
328 1637 386 1696 Pro
403 1637 538 1712 quolibet
553 1637 630 1693 sesto
647 1633 803 1703 (Mariano)
820 1633 859 1692 ad
873 1637 1072 1710 Nocturnum:
1090 1635 1191 1707 Quem
1205 1643 1292 1694 terra·

209 1731 241 1782 et
262 1723 301 1780 ad
322 1722 443 1781 Laudes
467 1723 530 1778 eius
546 1722 660 1796 portio:
685 1722 710 1778 Ο
735 1721 874 1796 gloriosa.
914 1722 1041 1779 Saeculo
1058 1721 1178 1780 decimo
1201 1727 1279 1780 sexto

210 1811 291 1866 etin
313 1808 396 1866 libris
412 1808 651 1864 Lutheranorum
674 1805 843 1863 choralibus
866 1807 965 1864 iocum
987 1808 1123 1876 obtinuit,
1149 1815 1184 1865 ut
1206 1807 1280 1883 apud

208 1888 381 1952 andecam?
410 1892 469 1950 Sed
485 1891 650 1948 orthodoxa
672 1909 776 1948 manus
796 1891 931 1950 versibus
948 1893 1074 1953 21—32
1096 1882 1127 1950 in
1152 1896 1279 1970 margine

208 1977 382 2054 adscripsit:
408 1979 600 2036 Omittuntur.

571 2248 779 2324 Anemurio
802 2255 913 2323 stalla.

621 2357 705 2410 rna.
724 2357 745 2409 1.
763 2375 790 2425 p.
808 2358 867 2413 tos.

292 2503 446 2560 Rambach
468 2504 558 2562 Anth.
581 2505 604 2560 Ι.
627 2524 656 2578 p.
676 2503 754 2564 219:
785 2505 829 2560 Da
858 2507 902 2562 sie
930 2507 1019 2562 schoa
1042 2509 1072 2566 ia
1095 2509 1193 2564 etnam
1213 2507 1282 2564 Bre-

207 2592 330 2648 viariam
353 2609 407 2648 voa
423 2591 461 2647 M.
482 2591 608 2657 Caurino,
632 2591 685 2646 das
707 2591 744 2644 im
760 2589 804 2644 11.
820 2591 920 2647 Jatrt.
936 2592 1125 2664 qesotrteten
1151 2596 1200 2660 tat,
1223 2609 1282 2650 aar
1354 2653 1359 2664 ,

206 2675 331 2734 lcommt:
352 2695 385 2732 so
407 2695 485 2732 mass
507 2675 544 2740 (i)
567 2678 611 2732 ste
634 2677 739 2732 bereits
762 2677 798 2730 tm
829 2675 877 2731 10.
902 2677 1029 2733 bekannt
1055 2694 1194 2752 perversa
1216 2680 1281 2736 seia

207 2760 334 2820 Saeculo
358 2759 473 2818 decimo
497 2778 616 2820 carmen
633 2759 788 2815 tribuimus
809 2766 935 2834 ‘propter
958 2761 1092 2820 codicem
1108 2762 1282 2838 Sangallen-

206 2863 270 2902 sem
292 2845 329 2902 ab
353 2842 500 2902 uerbera
524 2849 786 2902 commemoratum
809 2845 899 2907 Thes.
923 2846 974 2902 III.
997 2866 1026 2921 p.
1046 2847 1121 2918 Ι286.
1154 2849 1281 2914 Manius,

207 2933 258 3006 qui
280 2931 413 3004 quinque
436 2931 574 2986 carminis
597 2926 800 3003 paraphrases
821 2929 896 2986 libro
920 2949 975 2988 suo
990 2935 1126 3002 inseruit,
1153 2939 1225 3008 tom.
1248 2933 1281 2990 11.

204 3035 234 3090 p.
259 3013 330 3074 217.
353 3013 429 3072 haec
452 3014 559 3070 habet:
583 3015 637 3070 Die
661 3015 791 3088 Sequens
812 3017 891 3074 steht
912 3018 1213 3088 tetrametram,
1236 3019 1283 3076 der

205 3103 249 3157 sie
271 3102 301 3155 in
324 3099 376 3154 das
401 3099 429 3155 6.
454 3101 498 3156 bis
522 3099 549 3155 9.
573 3100 771 3156 tatrtaadert
792 3108 882 3170 setzt,
913 3101 960 3158 die
982 3105 1052 3160 aber
1074 3107 1159 3162 nicht
1180 3125 1214 3162 so
1235 3106 1281 3171 alt,

205 3186 242 3241 da
271 3185 315 3240 sie
344 3185 490 3241 medreres
519 3203 573 3241 aas
602 3185 654 3240 der
675 3185 838 3260 Antiprtoae
867 3188 949 3246 Alata
975 3189 1171 3264 redemptoris
1194 3197 1282 3248 mater
1334 3197 1336 3204 “

149 3307 154 3314 =
207 3267 338 3326 satiabat
358 3267 416 3324 bat.
463 3269 503 3324 At
524 3271 652 3342 primum
675 3269 855 3344 Sequentiae
885 3289 993 3330 nomen
1016 3275 1223 3338 reiiciendum,
1238 3278 1282 3340 est

204 3356 234 3410 in
258 3355 396 3421 carmine,
419 3351 715 3430 quodnunquamin
737 3357 829 3412 missa
850 3361 921 3429 post
937 3359 1096 3432 epistolam
1120 3366 1282 3424 cantatum,

206 3455 326 3512 semper
346 3439 482 3496 inserviit
503 3440 585 3496 horis
603 3439 762 3495 canonicis.
792 3440 941 3516 Deinceps
964 3433 1020 3500 nec
1036 3462 1084 3500 me
1107 3446 1198 3520 fugit,
1222 3461 1282 3502 car

204 3523 387 3590 minazhve
409 3527 499 3580 maris
530 3525 618 3582 stella
648 3529 679 3579 et
706 3523 793 3580 Alma
814 3525 1013 3600 redemptoris
1043 3536 1141 3588 mater
1171 3531 1282 3608 habere

204 3607 276 3684 quid
298 3610 528 3666 necessitudinis
560 3609 651 3666 Thes.
680 3607 717 3667 11.
741 3627 770 3683 p.
795 3607 871 3668 318:
903 3611 957 3668 sed
988 3613 1058 3671 duxi
1087 3617 1282 3690 antiphonam

203 3693 292 3748 Alma
312 3693 511 3768 redemptoris
535 3699 634 3750 aetate
657 3695 816 3762 iuniorem,
839 3713 895 3753 nec
917 3697 1007 3756 hodic
1039 3699 1127 3758 video
1160 3701 1235 3777 quid
1255 3703 1282 3759 in

202 3778 261 3836 hac
285 3779 433 3852 sententia
457 3781 496 3835 sit
517 3781 610 3853 inepti
633 3783 724 3853 atque
746 3779 932 3839 incommodi.
975 3783 1113 3842 Imitatus
1137 3793 1188 3844 est
1211 3787 1282 3842 Her

203 3878 329 3918 mannus
348 3861 538 3932 Contractus,
555 3865 667 3920 saeculi
683 3863 831 3934 undecimi
844 3868 981 3942 scriptor,
1005 3887 1113 3931 versus
1129 3871 1282 3928 Marianos

203 3949 262 4004 iam
285 3945 400 4002 decimo
424 3949 544 4008 saeculo
569 3949 763 4022 conscriptos.

237 4059 239 4062 ·
288 4031 482 4103 Hymnarium
497 4033 648 4090 Thomasii
668 4033 777 4106 hymno
794 4053 901 4094 nomen
917 4037 950 4096 V.
968 4037 1004 4096 H.
1029 4035 1189 4100 Fortunati
1221 4042 1280 4116 epi·

204 4116 287 4187 scopi
310 4113 506 4174 Pictaviensis
529 4117 670 4174 inscribit.
780 4175 781 4180 ,

287 4200 316 4258 8.
338 4199 432 4260 Evae
455 4220 588 4259 nomen.
637 4199 684 4258 171.
708 4219 852 4274 preces.

637 4333 764 4340 ---.-——....-
777 4335 822 4342 ...a-.-
831 4338 836 4342 ,
858 4336 860 4342 1
