2788 5024
726 387 798 473 W

229 573 256 630 8.
273 570 372 628 Coluit
394 569 502 628 devote
524 572 604 647 piam
764 569 792 632 7.
807 570 887 644 Ergo
911 569 1053 648 dignate
1075 570 1229 640 laudamus,

271 655 351 712 Puer
373 657 515 712 innocens
538 655 672 722 Mariam,
810 655 875 712 Tua
897 656 976 714 sesta
998 656 1181 715 celebramus

316 741 478 798 Abstinens
502 757 520 796 a
543 741 677 797 crimine:
849 742 955 816 Digne,
979 747 1010 800 te
1033 744 1218 816 suspicimus:
1334 799 1337 807 Δ

273 827 350 884 Tota
372 828 434 883 vita
456 827 580 894 visitari,
805 828 914 895 Deum,
945 830 995 902 qui
1018 827 1057 886 ad
1079 846 1133 884 nos
1155 833 1184 884 te
1203 828 1277 894 misit,

274 913 427 980 Adiuvari,
450 913 602 970 informari
808 913 875 970 Tibi
897 918 995 970 tantas
1019 915 1071 988 qui
1093 913 1189 972 divisit

240 1028 245 1033 ·
317 997 426 1054 Mernit
449 1014 466 1052 a
488 997 618 1072 Vrrgine.
674 1025 676 1032 >
851 999 955 1068 Dotes,
978 998 1186 1058 benedicimus.
1287 1007 1289 1016 ’

232 1119 260 1176 4.
278 1117 414 1174 Summus
429 1116 520 1174 Pater
532 1117 611 1175 hunc
624 1119 743 1186 amavit,
766 1120 795 1178 8.
811 1118 876 1176 Ave
899 1117 992 1182 decus
1016 1117 1229 1184 Confessorum,

276 1203 313 1260 Et
335 1205 479 1260 virtutum
502 1204 654 1260 exornavit
810 1203 922 1262 Norma
943 1209 977 1263 tu
997 1204 1245 1276 Presbyterornm,

318 1289 432 1346 Tunica
454 1288 612 1362 polymita3
854 1290 997 1346 Ubiorum
1018 1291 1128 1364 gloria:

276 1375 343 1430 Fuit
364 1373 497 1448 simplex,
520 1379 631 1440 rectus,
654 1379 765 1442 castus,
810 1375 883 1444 Tua,
906 1381 1010 1432 noster
1032 1393 1049 1432 0
1072 1380 1196 1450 patrone
1301 1424 1305 1434 ,

276 1459 358 1527 Pius,
382 1460 471 1526 mitis,
496 1476 565 1516 osor
587 1459 693 1527 fastus,
811 1461 866 1517 Est
886 1463 917 1520 in
938 1459 1148 1517 benedictione
1176 1475 1184 1482 ‘

321 1545 442 1602 Cunctis
466 1543 595 1601 reddens
619 1543 727 1605 debita.
758 1592 760 1596 .
855 1547 964 1602 Merito
985 1547 1136 1606 memoria.

235 1667 262 1725 5.
280 1665 389 1722 Sancte
411 1669 519 1738 mysta‚
544 1669 573 1720 te
596 1663 719 1727 laudare
770 1665 798 1726 9..
813 1666 878 1725 Tua
899 1667 1115 1724 intercessione

166 1747 178 1768 ‘
276 1752 346 1826 lpse
370 1749 516 1817 Christus,
541 1755 571 1806 et
592 1767 701 1810 vocare
813 1751 892 1812 Iram
913 1752 1010 1825 placa,
1032 1749 1145 1824 Ioseph
1165 1749 1245 1816 bone,
1361 1801 1362 1808 ,

319 1837 373 1892 Est
396 1834 535 1910 dignatus
558 1836 666 1895 lilium:
853 1837 962 1897 Irritati
985 1837 1129 1903 Numinis,

277 1923 352 1979 Diva
373 1923 457 1994 virgo
480 1919 534 1976 tibi
556 1922 638 1988 favit,
809 1922 949 1996 Loquere
970 1939 1025 1998 pro
1048 1921 1134 1978 nobis
1157 1920 1239 1986 bona,
1361 1914 1363 1986 1

118 2023 125 2036 ·
216 2020 219 2026 ’
276 2007 396 2080 Ioseph,
421 2023 564 2080 sponsum
585 2013 615 2064 te
639 2008 767 2075 vocavit,
812 2007 980 2070 Gratiarum
1001 2023 1095 2080 posce
1118 2005 1197 2062 dona

321 2091 524 2166 capellanum,
547 2093 647 2152 filium.
854 2093 1038 2168 veniamque
1062 2093 1201 2148 criminis.

235 2212 262 2270 6.
281 2211 346 2268 Tibi
370 2225 489 2288 quoque
513 2211 689 2285 desponsari
754 2211 800 2272 10.
817 2208 863 2268 Tu
887 2211 992 2269 exaudi
1015 2228 1131 2286 preces,
1156 2210 1273 2274 Christe,

276 2297 335 2354 Per
357 2298 490 2370 angelos,
515 2303 545 2353 et
566 2299 677 2370 portari
716 2321 720 2335 =
813 2298 895 2354 Tuus
919 2312 994 2374 quas
1018 2299 1131 2353 anricus
1155 2297 1212 2352 iste

320 2381 368 2437 Ad
389 2387 423 2438 te
442 2381 541 2438 Iesum
562 2383 669 2439 voluit:
853 2381 961 2440 Fundit
982 2401 1036 2457 pro
1061 2381 1230 2438 clientibus:

278 2467 414 2537 Quantus
431 2483 524 2534 esses,
546 2473 576 2524 et
591 2473 769 2543 quantorum
813 2468 853 2526 Ut
875 2475 906 2530 et
928 2469 1038 2544 servuli
1060 2484 1115 2526 nos
1138 2469 1183 2526 tui

278 2552 368 2627 Apud
389 2553 484 2613 Deum
506 2555 685 2620 meritorum
752 2569 758 2578 ·
813 2555 887 2612 Cum
910 2571 945 2612 eo
968 2554 1122 2628 possimus.
1142 2553 1200 2608 frui

322 2639 457 2714 Angelus
481 2638 609 2696 edocuit.
857 2639 980 2700 Gaudiis
1004 2637 1197 2696 coelestibus.

668 2829 872 2840 ——a-1-

319 2963 389 3024 507.
434 2951 520 3038 [Hoc
547 2955 583 3022 in
609 2955 768 3025 natalitio
796 2953 956 3043 Martyri
983 2953 1141 3040 Georgia.
1196 2964 1239 3020 Do
1269 2960 1293 3018 s.

235 3049 399 3126 Georgio.
444 3047 534 3106 Thes.
559 3049 594 3111 IL
617 3069 645 3126 p.
669 3044 750 3122 aba]

320 3323 389 3385 508.
418 3312 539 3395 [sunta
561 3315 687 3383 lancee
707 3313 797 3400 petto
816 3311 979 3399 fraudet.
1008 3322 1052 3378 Do
1075 3321 1105 3380 S.
1128 3321 1295 3395 Georgia

233 3410 399 3554 Fpprairpape'
410 3409 558 3566 ffatrono.
617 3410 707 3466 Mone
734 3409 784 3468 111.
812 3427 840 3483 p.
868 3409 939 3472 319.
977 3407 1044 3475 (Hs.
1073 3426 1110 3464 zu
1141 3405 1297 3464 Karlsruhe

237 3619 263 3674 1.
281 3617 370 3674 Sume
384 3614 504 3682 laudes,
527 3615 606 3688 pelle
617 3614 747 3683 fraudes,
772 3614 799 3672 3.
816 3613 873 3682 Qui
897 3613 1057 3670 draconem
1079 3611 1230 3669 interfecit

315 3702 430 3773 inclyta
454 3701 599 3765 Ferraria,
812 3705 843 3761 et
865 3699 1011 3764 malorum
1032 3699 1156 3762 aseibcit

275 3789 374 3842 tecum
406 3785 545 3854 laudent,
569 3805 628 3841 non
653 3783 770 3842 desran-
854 3787 934 3851 vires
957 3790 988 3844 et
1009 3783 1144 3850 insidias,

272 3893 275 3899 ·
642 3869 713 3927 dent
812 3872 893 3945 regis
916 3875 1017 3926 natam
1038 3869 1189 3934 liberavit,
1281 3891 1288 3903 .

310 3945 403 4024 coeli,
429 3961 537 4024 terrae,
562 3957 664 4024 maria,
727 3955 730 3962 '
812 3955 956 4029 Deoiique
979 3971 1037 4010 non
1054 3955 1179 4032 ,expavit

229 4077 260 4138 2·
278 4077 352 4134 Cum
374 4082 520 4152 patronus
543 4095 614 4135 vere
636 4075 732 4132 bonus
853 4057 947 4096 mlnas
971 4046 1001 4096 et
1023 4045 1183 4113 potentias.

318 4164 372 4222 tibi
395 4165 434 4222 sit
458 4162 620 4236 Georgius,
771 4161 800 4218 4.
816 4161 872 4216 Hic
894 4161 1029 4238 reginam
1051 4161 1082 4216 in
1105 4173 1200 4233 agone

270 4251 358 4308 sortis
381 4249 467 4324 pugil
491 4266 545 4322 pro
569 4253 599 4306 te
622 4247 694 4324 vigil
814 4247 995 4308 confortavit
1017 4250 1048 4308 et
1071 4259 1199 4303 coronae

315 4337 364 4393 hic
387 4340 501 4410 martyr
524 4335 681 4414 egregius„
857 4332 937 4390 coeli
955 4331 1146 4406 participium
