2904 5028
664 418 709 494 tt

148 605 219 676 Sed
243 618 365 682 quaeso,
389 603 603 662 curantium
631 618 753 660 numero
776 601 818 670 (ἓ)
848 604 906 662 duo
929 603 1119 662 includuntur
1139 603 1222 662 bina-¹

145 693 210 750 rili*
222 692 399 766 praesertim
420 706 489 746 cum
510 691 589 746 inter
609 705 648 746 se
663 689 744 770 nullo
767 688 855 745 modo
879 689 1069 748 cohaereant.

103 799 108 808 '
167 793 179 812 ⁹
223 791 280 850 ”Tu
302 806 428 862 mecum,
451 806 489 848 ne
511 791 607 859 fallor,
629 793 671 848 ita
694 790 849 879 dispones:

275 912 312 968 Π.
335 911 419 981 Quae
442 911 533 968 corda
554 889 657 968 nostra
681 910 736 967 sibi
779 911 869 966 faciat
891 904 1094 966 habitaculum

328 997 466 1072 Expulsis
489 995 558 1053 inde
581 997 696 1052 cunctis
748 1058 750 1063 ,
776 997 855 1052 vitiis
879 994 1070 1090 spiritaliliue.

194 1155 196 1159 -
233 1115 281 1172 Ad
304 1116 374 1172 sibi
397 1121 428 1172 et
450 1117 594 1172 cunctis
609 1113 749 1192 ponenda
766 1121 812 1172 eet
827 1116 993 1172 intercisio:
1017 1115 1135 1170 minime
1151 1119 1220 1188 post

147 1199 262 1256 fac-iat
284 1205 315 1256 et
337 1201 448 1258 vitiis.
492 1199 539 1256 Ita
562 1201 640 1266 enim
669 1201 841 1256 assonantia
871 1197 966 1269 (sibi,
989 1198 1092 1266 vitiis)
1120 1199 1218 1254 iubet:

148 1286 192 1342 ita
214 1285 366 1358 emphasis
388 1287 483 1360 ipsius
514 1286 680 1342 sententiae
710 1284 826 1342 suadet.
872 1285 946 1340 Sibi
969 1287 1054 1352 enim,
1078 1302 1137 1340 nen
1161 1283 1219 1354 alii,

150 1369 223 1438 sibi,
252 1367 377 1426 Domino
408 1376 439 1426 et
467 1367 643 1437 vivificanti,
675 1370 803 1443 Spiritus
834 1369 961 1426 Sanctus
992 1367 1083 1426 corda
1118 1374 1220 1427 nostra

148 1455 221 1510 facit
242 1455 427 1523 habitacula3
449 1457 552 1530 itaque
574 1454 681 1522 nullos,
704 1456 762 1511 nisi
785 1471 827 1522 se,
851 1453 985 1510 dominos
1013 1455 1150 1528 agnoscit
1172 1453 1220 1511 vel

148 1555 315 1614 agnoscere
337 1544 448 1614 petest,
473 1545 504 1596 et
526 1544 657 1596 cuncta
678 1541 749 1597 vitia
771 1539 901 1614 expellit.

302 1657 354 1714 III.
379 1659 508 1732 Spiritus
531 1659 607 1715 alme
737 1659 903 1715 illustrator
916 1657 1068 1714 hominum

267 1783 275 1791 -
373 1743 649 1801 Horridasnostrae
685 1779 693 1790 =
736 1745 843 1800 mentis
865 1759 963 1818 purga
985 1743 1134 1799 tehebras
1233 1739 1235 1744 ’

352 1868 386 1919 ut
408 1868 439 1920 et
460 1879 539 1937 quae
560 1867 741 1938 sequuntur:
765 1863 822 1918 nisi
845 1861 926 1936 quod
948 1863 1057 1919 iterum
1080 1859 1154 1918 duos
1176 1860 1222 1918 bi-

147 1949 248 2004 narios
272 1948 326 2004 sub
349 1966 407 2004 uno
430 1965 552 2005 numero
575 1947 701 2004 includit
723 1947 827 2004 editor.

232 2067 295 2124 Iam
309 2085 380 2124 vero
398 2066 631 2140 experimentum
654 2065 735 2124 aliud
749 2067 908 2124 faciamus:
933 2067 1118 2125 notissimam
1139 2066 1220 2122 illam

147 2151 341 2226 Sequentiam
363 2152 564 2210 Benedicta
586 2154 635 2210 sit
657 2170 797 2226 semper
819 2154 848 2208 in
863 2153 1018 2210 materiam
1033 2151 1217 2210 adhibentes.

146 2237 196 2294 Ita
216 2238 298 2307 illam
320 2237 439 2305 ordinat
459 2239 593 2294 Monius:

172 2357 198 2413 l.
214 2356 378 2413 Benedicta
401 2369 520 2431 semper
543 2358 582 2414 sit
707 2358 735 2415 2.
751 2355 832 2413 Deus
856 2355 982 2430 genitor,
1021 2375 1025 2384 ¹

214 2435 318 2498 saneta
341 2444 467 2510 trinitas,
561 2499 564 2505 ,
750 2441 825 2498 deus
848 2441 978 2516 genitus,

168 2541 169 2548 ¹
194 2525 309 2584 'deitas
333 2527 449 2584 scilicet
470 2528 567 2596 unica,
750 2527 780 2583 iri
802 2532 931 2602 utroque
954 2543 1040 2584 sacer
1062 2525 1184 2600 spiritus

213 2613 385 2687 coaequalis
409 2613 512 2687 gloria.
747 2611 859 2668 deitate
884 2614 992 2668 socius.

211 2727 312 2799 Pater,
335 2733 425 2798 filius,
749 2731 815 2786 Non
841 2736 903 2786 tres
926 2736 1026 2787 tamen
1049 2729 1092 2799 dii
1113 2735 1190 2799 sunt,

213 2821 335 2874 sanctus
358 2817 489 2891 spiritus,
749 2814 923 2871 deusunus
948 2821 1003 2884 est,

111 2917 116 2922 ·
210 2903 269 2958 tria
292 2907 360 2958 sunt
381 2903 509 2968 nomina,
534 2902 656 2957 omnia.
704 2920 708 2936 ·
749 2902 792 2956 sic
814 2906 901 2974 pater
924 2899 1069 2969 dominus,
1098 2899 1176 2956 filius

109 2992 114 2997 '
212 2985 317 3044 eadem
341 2987 517 3044 substantia.
749 2985 931 3060 spiritusque
955 2985 1100 3042 dominus.

232 3104 281 3174 At,
306 3107 331 3162 si
354 3103 426 3180 quid
447 3103 667 3187 videopneque
690 3105 767 3161 inter
798 3123 830 3161 se
853 3117 960 3162 versus
981 3106 1095 3180 primus
1119 3109 1150 3160 et
1172 3120 1219 3160 se-

145 3187 273 3258 cundus,
296 3195 394 3266 neque
417 3208 519 3247 eorum
540 3195 642 3264 partes
665 3195 767 3246 mutuo
782 3183 975 3266 respondent.
1013 3191 1131 3265 Duplici
1146 3206 1218 3264 ergo

144 3273 235 3331 modo
258 3275 388 3332 ordinari
409 3280 512 3351 potest
533 3276 591 3332 hoc
614 3273 774 3332 exordium.
807 3277 875 3332 ,Vel
897 3277 955 3332 sic:

231 3383 397 3452 Benedicta
427 3413 490 3452 sem
513 3412 546 3452 er
576 3395 615 3451 sit
644 3395 754 3451 Sancta
784 3385 913 3450 Trinitas
940 3383 944 3470 Ι
971 3380 1076 3450 Deitas¹
1105 3393 1220 3451 scilicet

270 3509 276 3518 ι
303 3475 307 3480 ’
383 3483 473 3536 unica
491 3414 695 3556 fcoaequalis·
712 3479 808 3554 gloria
1085 3491 1090 3497 ·

317 3564 424 3634 Pater,
455 3566 564 3634 Filius,
597 3565 723 3621 Sanctus
747 3565 875 3638 Spiritus
896 3552 978 3649 [tria
1000 3568 1070 3620 sunt
1091 3563 1218 3632 nomina,
1303 3554 1308 3560 ¹

404 3651 501 3707 omnia
520 3637 524 3727 Ι
545 3647 651 3706 eadem
674 3649 841 3706 substantia
870 3700 874 3708 ,
1311 3671 1315 3678 ·

294 3735 402 3797 „Deus
422 3737 549 3812 genitor,
572 3735 654 3792 Deus
678 3737 796 3809 genitus
817 3723 821 3810 Ι
840 3735 871 3792 in
893 3738 1022 3809 utroque
1044 3746 1131 3793 sacer
1154 3732 1219 3807 Spi-

284 3894 287 3902 Ι
400 3809 501 3895 ritus}
521 3819 633 3878 deitate
657 3820 755 3876 socius

231 3920 298 3978 Non
321 3926 383 3982 tres
406 3907 506 3980 tamen
527 3923 575 3980 Dii
598 3927 676 3990 sunt,
700 3923 781 3978 Deus
803 3935 880 3978 unus
904 3925 952 3978 est
971 3911 975 3996 Ι
995 3921 1038 3977 sio
1053 3919 1145 3977 Pater
1160 3907 1219 3977 Do*-

384 4011 490 4087 minus,
514 4009 615 4075 Filius,
635 3995 640 4082 Ι
661 4007 849 4082 Spiritusque
871 4006 1023 4064 Dominus.

141 4087 230 4164 *quod
252 4096 283 4148 et
304 4089 450 4162 Monium,
487 4095 560 4151 licet
586 4091 726 4160 obscure,
755 4093 942 4166 significasse
973 4089 1071 4150 credo.
1093 4118 1137 4130 -
1159 4088 1220 4151 sed

145 4193 240 4249 quum
261 4177 343 4232 nulla
373 4181 412 4235 sit
434 4179 598 4254 Sequentia
629 4177 831 4252 quasplures
854 4177 1147 4250 acceperitsormas,
1177 4177 1220 4232 ita
1249 4245 1253 4250 ἱ

146 4265 262 4318 ut‘uon
284 4261 382 4319 solum
401 4262 493 4322 verba
514 4263 681 4330 varientur,
712 4257 767 4320 scd
789 4267 820 4320 et
841 4261 899 4336 ipsi
921 4276 1027 4320 versus
1050 4262 1098 4320 vix
1119 4253 1218 4328 iidem,

143 4346 175 4408 ru
191 4347 347 4406 ‘variarum
368 4347 572 4406 Baetasiorum
600 4345 785 4432 Missalibus,
814 4345 984 4416 videantur3
1007 4361 1172 4423 quumque·
1188 4347 1218 4406 in

69 3671 245 3756 ,Ι-
