2822 5026
761 423 807 506 a&

205 667 206 676 .
314 617 363 674 Sic
384 615 506 673 verbum
529 630 598 672 earo
633 651 635 656 ·
826 617 1001 690 Loquetur
1023 616 1135 690 primus

333 703 456 758 Factum
478 719 496 758 a
517 703 660 776 principio
856 702 902 756 ''In
922 705 1026 757 tenore
1050 700 1108 758 diei

334 788 448 844 Lumen
469 793 622 843 aeternum
728 800 729 806 ’
860 779 1022 842 xSecundus
1046 803 1116 844 vero

250 873 291 933 20
334 873 459 941 Missum
480 872 569 939 Patre
594 867 751 929 saeculo*
784 873 825 930 50
868 872 901 928 ln
924 873 1023 928 calore
1040 870 1136 928 ¹Fidei.

313 1007 427 1082 Illeque
448 1014 536 1084 proto
846 1009 880 1066 In
902 1011 960 1066 fine
982 1008 1083 1066 mundi

334 1093 419 1150 Vires
442 1093 575 1174 adimens
597 1095 689 1164 Caho,
869 1095 943 1151 Post
962 1099 1047 1150 tanta
1068 1096 1211 1168 mysteria

334 1179 410 1236 Tum
431 1179 591 1253 improviso
656 1203 659 1214 ·
870 1179 965 1236 Adest
988 1180 1125 1237 Salvator
1142 1190 1146 1195 ·

334 1263 460 1321 Noctem
481 1263 600 1340 pepulit'
618 1266 740 1322 mundo.¹
872 1266 945 1322 Cum
967 1265 1072 1340 grandi
1094 1266 1260 1322 clementia.

250 1403 290 1462 25
313 1402 359 1458 lta
381 1408 504 1458 aeterno
785 1403 824 1460 65
848 1375 982 1477 Tamdue
1005 1408 1108 1476 aperte

335 1488 400 1544 Iste·
417 1488 506 1544 hoste
531 1486 655 1544 subacto
819 1487 821 1494 ’
869 1487 1026 1560 Elementa
1046 1487 1257 1561 praetendunt,

334 1573 440 1630 Polum
466 1571 579 1630 nodoso
870 1573 966 1642 Quam
987 1577 1088 1630 vatum
1108 1571 1184 1630 hora

335 1659 431 1716 Solvit
451 1661 554 1715 mortis
577 1659 702 1716 vinculo.
869 1659 982 1716 Lucide
1005 1651 1225 1716 concelebrant.
1317 1676 1320 1682 ·

202 1823 234 1838 ἰ
315 1795 467 1852 Tenebrae
491 1813 581 1870 super
710 1819 719 1847 l
849 1796 944 1855 Natus
967 1802 1001 1852 ut
1022 1797 1111 1854 homo

252 1881 292 1942 30
336 1883 415 1938 Ante
437 1887 522 1938 erant
544 1881 694 1954 abyssum,
787 1881 827 1940 70
870 1882 991 1939 Mortali
1012 1884 1042 1938 in
1064 1884 1197 1958 tegmine

337 1966 432 2036 Quam
450 1966 582 2024 radiaret
871 1967 937 2023 Non
960 1967 1046 2024 deest
1068 1968 1154 2024 coelo
1266 1997 1270 2006 .

336 2051 452 2110 Primus
476 2051 540 2110 dies
564 2052 684 2110 dierum.
871 2053 996 2110 Manena
1019 2055 1048 2110 in
1058 2051 1227 2138 VTrinitate.

315 2189 398 2246 Haec
421 2206 511 2264 quam
532 2188 665 2262 prodiret
850 2189 939 2263 vagit
960 2190 990 2244 in
1009 2156 1116 2262 pannis
1190 2248 1192 2256 ,

336 2275 416 2331 Vera
437 2275 487 2330 lux
509 2273 688 2330 mortalia'
765 2323 768 2331 .
871 2275 1037 2330 Veneratur
1059 2291 1077 2330 a
1098 2273 1201 2350 Magis

253 2360 292 2418 35
338 2359 474 2416 Contexit
496 2360 557 2416 alta
786 2359 826 2416 75
870 2358 977 2434 Fulget
998 2360 1028 2414 in
1051 2360 1148 2416 stellis

338 2444 441 2538 Corda·
456 2445 630 2520 ignorantia.
871 2443 1022 2502 adoratur
1043 2445 1073 2500 in
1096 2445 1207 2502 Coelio.

317 2581 429 2638 Eodem
452 2581 499 2638 die
537 2607 540 2614 =
774 2591 777 2599 ·
852 2582 973 2638 Statura
994 2581 1044 2638 vili

337 2667 479 2740 Rubrum,
502 2673 536 2722 ut
557 2668 647 2733 aiunt,
672 2685 751 2724 mare
872 2667 1047 2723 Continetur
1068 2671 1222 2742 praesepi,

338 2753 412 2810 Post
434 2758 552 2827 tergum
574 2752 660 2826 liquit
873 2752 964 2810 Cuius
987 2753 1101 2827 pugillo
1247 2803 1249 2808 s

253 2841 301 2900 40¹*
338 2839 496 2896 Liberatus
509 2835 632 2896 Israhel.
788 2838 828 2896 80
872 2836 978 2894 Potest
1000 2837 1079 2894 orbis
1103 2837 1255 2895 concludi.
1340 2877 1341 2882 κ

318 2977 376 3032 Per
397 2974 456 3030 hoc
478 2973 620 3030 doeemur
852 2974 1041 3050 Primumque
1064 2976 1188 3050 signum
1242 2973 1251 2984 “

340 3057 443 3116 Mundi
466 3063 534 3114 acta
557 3076 696 3134 spernere
875 3058 1031 3116 Portendit
1053 3057 1213 3136 discipulis

340 3145 378 3202 Et
399 3146 429 3200 in
452 3143 571 3200 deserto
601 3163 603 3170 ·
874 3145 979 3220 Aquae
1003 3163 1170 3204 conversae
1274 3157 1280 3176 ‘
1309 3153 1310 3158 ’

341 3231 486 3286 Virtutem
510 3231 681 3286 consistere.
874 3230 907 3286 ln
932 3247 1039 3306 sapore
1061 3235 1206 3290 nectaris.

256 3370 297 3428 115
322 3367 491 3425 Summerso
516 3382 606 3422 saevo
791 3365 830 3423 85
854 3365 929 3422 Tum
951 3384 1005 3440 per
1027 3340 1216 3442 Prophetam

343 3451 425 3509 Cicni
448 3455 558 3508 canunt
579 3453 694 3508 aemulo
875 3451 1047 3525 completur
1068 3458 1104 3510 ut
1128 3454 1256 3512 dictum:

234 3569 235 3574 κ
343 3538 486 3596 Certatim
507 3536 571 3618 Deo
743 3569 746 3584 ι
874 3537 967 3594 Saliet
990 3537 1117 3596 claudus

342 3621 461 3679 Laudes
484 3623 558 3678 Duci
581 3624 677 3698 igneo.
874 3623 913 3678 Ut
936 3640 1041 3680 cervus
1063 3628 1240 3698 perniciter.

170 3801 172 3808 .
323 3743 432 3818 Sicque
455 3745 549 3816 erepti
855 3742 1007 3818 Plenaque
1030 3744 1111 3801 fatur
1172 3775 1177 3791 κ

235 3828 299 3889 ’50
331 3814 478 3902 ¹Nequam
500 3827 634 3890 iubemur
656 3828 739 3883 fretis
792 3827 836 3886 95
876 3827 1022 3884 Absolute
1045 3831 1170 3888 vinculo

341 3913 480 3970 Laudare
501 3913 596 3970 Deum
637 3944 659 3976 ,-
875 3913 990 3988 Lingua
1012 3919 1167 3972 mutorum

306 4006 309 4012 '
343 3999 479 4073 Explosis
504 4000 636 4055 inimicis.
730 4037 732 4047 .
874 3999 1042 4072 Imperante
1064 3999 1205 4058 Domino.

322 4119 360 4176 Et
382 4121 460 4175 sicut
481 4119 531 4175 ille
855 4117 942 4175 Surdi
968 4123 1123 4188 sanantur,
1178 4107 1186 4120 ⁶

301 4255 304 4259 .
342 4205 433 4261 Lucis
459 4202 659 4269 furialium,
877 4203 972 4274 Caeci,
996 4209 1091 4279 atque
1115 4207 1240 4280 leprosi,

260 4289 300 4350 55
344 4288 390 4346 Ita
412 4293 443 4344 et
464 4289 514 4346 isti
612 4333 616 4338 .
687 4339 691 4355 ,
793 4287 833 4346 95
860 4288 958 4354 ,runo
978 4295 1098 4346 retroso

270 4369 275 4374 ’
345 4374 455 4434 Salutis
479 4371 639 4435 exordium.
878 4373 1066 4432 Suscitantur
1089 4380 1212 4435 mortui.
