2772 5024
95 596 134 654 10.
153 596 357 654 referentis.
384 596 431 652 14.
453 612 580 653 sacros
601 623 644 632 —
665 596 826 669 hymnos.
853 593 984 655 17-20,
1007 614 1062 654 orn.
1090 597 1139 656 23.

92 680 459 756 alpheide-quietos
481 681 765 738 mulceatartus.
789 681 839 739 25.
855 677 1144 740 noctis'subeant

92 765 263 839 profunda.
288 767 338 826 27.
356 785 521 840 superno.
544 767 595 825 29.
612 765 788 823 desinent.
807 767 950 836 30.—32.
967 785 1030 840 nec
1046 769 1142 825 ullus

92 851 210 908 audeat
229 857 379 908 nostros
401 853 567 910 lacerare
591 869 721 909 sensus
744 850 928 908 daemonis
952 859 1061 910 astus.
1093 853 1139 910 Ita

91 937 197 994 Nealius
218 945 274 1012 per
296 940 506 996 coniectunam.
544 938 645 996 Areu:
669 953 734 994 nec
757 938 853 994 nllus
877 955 1005 996 sensus
1028 940 1144 997 invol-

91 1028 143 1080 vat
169 1025 316 1097 gravior
345 1025 507 1081 vicissim
530 1025 722 1096 spirituum
744 1029 866 1080 turma.
904 1024 952 1081 33.
976 1041 1143 1097 superne.

46 1134 49 1140 ·
91 1107 313 1188 ddinserena
336 1110 492 1183 psalmis.
531 1109 580 1168 37.
605 1109 764 1184 gloriam.
802 1109 1098 1184 39.piaturba.'

335 1320 438 1388 Deua
461 1325 601 1390 meatur
624 1323 785 1390 omnium.
829 1319 881 1387 M.

287 1421 322 1475 In
340 1423 472 1476 Sabbatis
491 1423 733 1492 Quadragesimae
757 1424 793 1476 ad
811 1421 933 1475 Laudes.

141 1535 232 1604 Deus,
257 1536 385 1592 Creator
407 1537 544 1604 omnium,
675 1535 738 1592 Tuo
762 1553 862 1592 amore
884 1539 1005 1612 proprio

141 1621 253 1678 Auctor
275 1622 353 1678 lucis
377 1627 407 1678 et
429 1621 496 1690 diei,
615 1621 653 1680 10
677 1621 742 1690 Quo
765 1624 831 1698 ipse
859 1628 1076 1679 commercatus
1099 1640 1146 1692 es,
1219 1691 1222 1696 ¹

141 1705 295 1764 Perlnstra
318 1705 409 1764 corda
432 1709 569 1775 omniurn,
629 1694 636 1704 ’
674 1707 822 1763 Lucratus
844 1708 908 1764 Deo
930 1710 1043 1765 animas

141 1792 214 1850 Jesu
235 1792 326 1860 bone,
349 1792 488 1850 fidelium.
675 1793 740 1849 Tua
762 1798 858 1850 morte
881 1793 1024 1850 ultroma.

105 1909 121 1968 5
140 1910 289 1969 Lucescat
311 1912 522 1980 habitaculum,
639 1946 642 1956 .
673 1911 817 1968 Laetetur
840 1908 908 1969 ca'ro
930 1907 1055 1988 fragilis,

139 1997 242 2067 Tuum,
261 1997 391 2065 Christe,
406 1991 580 2072 hospitium:
676 1997 829 2074 Simulque
852 2004 883 2054 et
904 1999 992 2054 homo
1013 2001 1143 2069 interior,

139 2083 330 2158 Nostraeque
346 2087 459 2140 tectum
475 2085 590 2140 animae
616 2083 653 2140 15
676 2083 792 2140 Vioisse
815 2085 912 2140 noctis
935 2084 1074 2142 tenebras

139 2169 329 2244 Figmentum
350 2174 421 2236 tuae
444 2168 583 2226 dexterae
676 2167 819 2226 Perennis
842 2169 917 2226 lucis
939 2169 1058 2227 lumine.

404 2289 469 2346 Diei
490 2289 579 2346 huius
602 2291 699 2366 gratia

405 2375 543 2432 Concede
567 2377 631 2438 sine
654 2377 774 2434 crimine

404 2459 547 2518 Custodia
568 2466 715 2538 perpetua

338 2546 381 2606 20
403 2546 546 2604 Fruamur
568 2553 629 2616 tua,
651 2547 784 2605 Domine.
875 2598 881 2604 .

282 2738 433 2806 Alleluia
457 2739 528 2826 plia
557 2741 648 2806 eccle
670 2739 846 2808 madidus.
888 2739 940 2810 M.

86 2837 113 2892 In
128 2839 277 2895 Dominiea
295 2841 385 2908 prima
403 2840 646 2908 Quadragesinrae
666 2841 702 2894 ad
714 2843 859 2912 vesperas
878 2843 953 2912 apud
965 2843 1145 2899 Mozarabes:

318 2905 387 2962 alias
410 2909 439 2962 in
458 2909 674 2978 Septuagesima
697 2911 748 2964 Th.
767 2911 787 2964 Ι.
807 2929 833 2979 p.
852 2913 908 2969 202.

179 3095 181 3100 Ι
230 3023 361 3080 Alleluia
382 3023 439 3096 piis
464 3021 543 3081 edite
565 3021 704 3080 laudibus

20 3113 23 3120 '
109 3153 110 3156 ,
232 3109 320 3167 Cives
343 3108 489 3164 aetherei:
512 3109 632 3182 psallite
656 3113 788 3170 suaviter

385 3193 514 3250 Alleluia
535 3211 675 3269 perenne.

232 3313 308 3370 Hinc
331 3332 385 3374 vos
406 3318 545 3389 perpetui
566 3315 684 3374 luminis
707 3317 829 3376 accolae

190 3400 210 3458 5
233 3399 282 3456 Ad
305 3417 451 3458 summum
472 3407 612 3458 resonate
634 3402 807 3476 hymniferis
831 3403 930 3460 choris

255 3539 271 3574 .
384 3486 512 3544 Alleluia
532 3503 673 3562 perenne.

233 3604 292 3662 Vos
315 3605 393 3662 Urbs
416 3608 521 3664 eximia
550 3583 710 3682 ¹suscipiet
731 3609 786 3664 Dei

234 3680 317 3760 Quae
340 3692 427 3748 laetis
449 3709 594 3749 resonans
618 3695 763 3762 cantibus,
789 3681 898 3750 excitat

356 3783 363 3796 '
385 3777 515 3834 Alleluia
535 3794 676 3853 perenne.
702 3853 710 3874 ι

177 3895 213 3954 10
234 3881 325 3954 Felici
341 3895 445 3955 'reditu
464 3897 576 3972 gandia
599 3901 705 3956 sumite

233 3981 404 4040 Reddentcs
426 3983 551 4042 Domino
575 3985 742 4060 glorificum
764 3986 868 4056 melos,

385 4067 515 4126 Alleluia
535 4089 676 4146 perenne.

234 4189 351 4246 Almam
375 4186 509 4246 sidereae
532 4193 591 4247 iam
611 4191 729 4265 palmae
753 4191 844 4249 decus

30 4340 34 4348 ³
234 4274 369 4332 Victores
393 4276 508 4348 capitis,
532 4295 591 4351 quo
615 4293 706 4334 canor
728 4283 776 4334 est
797 4281 875 4352 iugis

126 4353 130 4366 '
179 4357 214 4416 15
299 4383 301 4390 ,
386 4359 516 4417 Alleluia
538 4379 677 4436 perenne.
