2772 5024
221 559 253 614 in
274 557 381 614 Itaiien
404 556 592 624 eatstanden‚
623 575 668 614 nro
689 575 754 613 man
776 557 850 612 anei
873 556 919 614 dic
940 556 1140 631 prisciiscien
1162 557 1287 616 Adrasti·

221 643 292 699 chen
311 643 385 698 naeit
401 642 463 698 dem
478 643 622 716 aptabo
634 649 735 698 znerst
748 641 860 698 kennen
877 643 970 698 lernte
985 641 1047 698 und
1058 643 1234 700 nachalrmte.
1251 669 1287 702 -τ

220 729 289 785 Mon
311 727 363 784 irat
385 728 483 784 diesen
509 727 693 801 Gepenstand
711 728 783 799 [raa
805 726 866 783 aad
886 727 944 800 anf
960 728 1179 800 monnicirfacite
1201 729 1288 787 Weac

220 816 251 870 in
272 813 398 870 Liedern
421 813 580 880 detondelt,
604 813 710 870 nenne
731 830 767 869 aa
789 812 927 868 braciten
948 812 1023 879 sind,
1046 814 1112 870 rneil
1132 831 1187 870 ons
1208 813 1287 871 inm

221 899 274 956 das
295 899 366 955 Dies
389 900 452 954 irae
474 898 647 955 entstandcn
670 901 718 954 ist.
763 897 838 954 Mihi
860 897 1032 954 Hiberniam
1063 900 1143 972 sapit
1166 913 1286 965 cumen,

221 985 310 1040 affine
334 981 483 1040 abedariis
506 983 641 1057 hymnis,
671 1000 748 1058 quos
771 983 898 1058 legimns
925 985 955 1040 in
977 983 1196 1057 Antiphonario
1218 983 1288 1040 Ben-

222 1069 380 1125 choriensi.

306 1188 353 1244 Du
375 1187 463 1244 Me'ril
485 1187 507 1242 I.
531 1205 560 1261 p.
587 1188 662 1245 183:
686 1189 728 1244 Lo
751 1187 862 1244 latinite'
884 1195 915 1244 et
936 1190 964 1244 la
981 1188 1121 1262 prosodie
1143 1195 1211 1244 sont
1231 1195 1288 1261 trop

221 1273 420 1346 de'scctneoses
443 1290 522 1348 poor
551 1291 606 1344 pac
628 1291 701 1330 noas
723 1273 915 1330 l'attribnions
942 1276 1063 1330 dsaint
1082 1273 1200 1330 Hiloire
1226 1289 1288 1328 sans
1370 1285 1371 1288 ’

221 1361 344 1432 quelque
360 1376 473 1434 prenae
489 1360 624 1434 positive.
657 1357 698 1415 On
721 1377 757 1414 ne
774 1365 849 1434 pent
869 1357 1020 1415 d'aillears
1043 1359 1085 1415 ini
1107 1357 1225 1430 resnser
1238 1373 1289 1414 nne

221 1444 309 1500 tante
335 1443 484 1516 antiqnite'.
529 1442 665 1516 Apparet
693 1447 815 1516 poetam
844 1459 934 1500 nosse
963 1441 1120 1501 Prudentii
1149 1443 1288 1499 Hamarti·
1369 1467 1371 1492 r

48 1571 52 1586 ,
131 1587 136 1596 ,
222 1529 341 1604 geniem
364 1533 395 1584 et
416 1528 508 1584 libros
530 1527 688 1584 Ambrosii.

225 1716 227 1724 s
310 1647 400 1704 1-4.
431 1645 568 1721 Ambros.
600 1646 637 1703 de
666 1649 788 1722 interpr.
818 1647 885 1703 Job.
920 1649 947 1716 1,
971 1648 1005 1706 3:
1038 1647 1117 1717 Quid
1144 1647 1225 1704 alind
1250 1651 1289 1702 est
1369 1681 1371 1694 ‹

216 1739 368 1806 peccatura
391 1733 450 1788 nisi
470 1734 596 1798 sarcina,
620 1751 694 1806 quoe
716 1734 802 1790 naias
816 1735 926 1790 saccali
940 1737 1045 1790 onerat
1058 1735 1199 1790 rictorem
1213 1733 1288 1806 proni

221 1818 387 1892 depressam
414 1818 498 1888 fasce
527 1817 632 1874 delicti.
677 1818 801 1891 Epistol.
832 1817 928 1874 LXX:
967 1819 1071 1876 Nullus
1101 1821 1178 1876 enirn
1206 1819 1288 1874 maior
1369 1827 1371 1894 t

221 1910 267 1958 est
288 1903 379 1969 dolor,
410 1920 494 1975 quarn
517 1904 615 1975 isqui
631 1905 748 1977 peccati
769 1921 903 1959 macrone
925 1905 1061 1962 vulnerat
1081 1904 1286 1968 conscientiam,
1370 1901 1371 1924 ¹

137 2009 146 2017 ·
220 2006 314 2060 nepae
342 1989 432 2044 niinrn
460 1989 580 2060 pravius
610 1995 654 2044 est
676 2007 764 2055 onns,
795 2006 878 2062 qnam
903 1996 1090 2064 pcccatorum
1119 1989 1237 2044 sarcina
1263 1991 1288 2042 ei

215 2073 332 2148 pondos
352 2073 537 2146 flopitiornm.
567 2073 710 2146 Deprimit
730 2075 861 2140 animam,
885 2081 988 2130 carcat
1008 2091 1101 2146 nsque
1124 2074 1166 2130 ad
1180 2080 1286 2137 terram,

221 2176 258 2212 ne
280 2176 312 2213 se
335 2159 450 2230 eripere
466 2160 570 2230 possit.
614 2157 934 2215 8—12.G0d0fredus
958 2158 995 2214 ab
1011 2158 1194 2234 Strasburg:
1224 2159 1288 2214 Wan

220 2244 312 2298 mincr
333 2243 424 2298 siinde
446 2242 498 2296 der
520 2245 560 2298 ist
580 2261 632 2309 me,
655 2243 757 2298 Derane
778 2261 877 2317 tropen
899 2246 930 2300 in
952 2245 1015 2300 dem
1038 2243 1173 2384 ipdense.
1219 2241 1288 2300 Pan·

219 2327 268 2382 lus
291 2325 458 2382 Gerhardt:
481 2327 542 2394 Ion,
566 2327 611 2382 icit
634 2328 694 2394 and
713 2331 804 2384 maine
827 2327 954 2397 Sinden,
978 2330 1024 2386 die
1068 2329 1110 2386 'cli
1134 2331 1189 2387 mie
1202 2329 1287 2386 Kirn-

221 2413 278 2468 iein
298 2412 398 2483 finden
420 2411 471 2467 des
487 2411 599 2468 Sandes
620 2431 657 2468 an
680 2413 741 2468 dem
752 2413 846 2470 'Meea
895 2412 1286 2472 12—16.Pmdent.nam.

147 2502 166 2540 ’-
219 2494 291 2552 417.
314 2496 387 2554 418.
410 2496 508 2552 Aureo
532 2498 588 2552 teia
611 2499 713 2570 quibas
736 2499 771 2554 de
793 2499 935 2572 sanquine
958 2502 1048 2556 tincta
1068 2499 1207 2572 draconis
1222 2515 1287 2554 mor

108 2583 112 2589 ’
220 2583 309 2654 tisero
330 2581 482 2656 splendore
504 2583 616 2638 micant.
647 2581 891 2642 tetrameter:
922 2586 1038 2642 ambitio
1061 2591 1192 2644 ventosa.
1216 2581 1291 2642 4371.

218 2668 269 2740 pai
291 2672 426 2724 ventosae
447 2667 562 2724 scandit
583 2669 705 2742 aestipia
725 2669 831 2739 forme.

652 2847 853 2856 m

529 2977 663 3046 Andos
689 3001 728 3048 es
750 2983 805 3046 vir
825 2979 974 3048 trecenis.

506 3069 614 3132 Versus
641 3080 676 3133 de
704 3083 866 3148 contemptu
895 3081 998 3136 mundi.

279 3207 386 3264 Audax
410 3225 452 3274 es,
476 3209 521 3265 vir
541 3209 665 3276 iuvenis,
786 3210 905 3266 ·Carni
927 3215 998 3268 tuae
1022 3215 1206 3280 consenties,

281 3291 352 3348 dum
373 3294 469 3350 servet
492 3309 561 3348 earo
584 3294 710 3361 mobilis,
756 3295 794 3352 10
817 3297 944 3352 animam
966 3301 1049 3352 tuam
1072 3276 1200 3372 decipis,

280 3377 426 3434 audenter
449 3378 514 3452 agis
536 3395 703 3452 perperam,
817 3379 887 3436 dum
901 3381 1033 3438 flecteris
1049 3382 1088 3438 ad
1103 3383 1263 3448 libidinem,

279 3469 332 3518 tua
354 3463 486 3518 membra
509 3463 692 3537 coinquinas.
814 3464 1285 3542 maledeeeptnspermanesatt.

300 3581 450 3638 attende
473 3581 593 3649 homo,
616 3581 711 3656 quod
816 3583 929 3638 Dentes
952 3587 996 3640 tui
1019 3585 1182 3643 fremidant

520 3667 641 3740 pulvis
662 3664 731 3733 (es)
769 3713 771 3718 .
818 3671 849 3724 et
870 3667 950 3724 labia
972 3675 1025 3726 tua
1048 3676 1239 3745 exasperant,

322 3754 357 3805 et
372 3751 406 3806 in
423 3751 678 3824 pulveremre-
756 3751 792 3808 15
815 3751 919 3827 lingua
940 3754 1020 3810 mala
1043 3749 1188 3830 generat3

519 3837 688 3892 verteris.
816 3837 846 3894 in
868 3841 921 3893 tua
942 3839 1006 3896 vita
1028 3841 1176 3916 trepidas.

137 4003 141 4010 .
234 3951 253 4009 5
276 3951 382 4008 Brevis
399 3957 446 4010 est
460 3957 589 4028 tempus,
606 3955 729 4021 iuvenis,
815 3955 945 4013 Elevans
968 3963 1038 4015 tuos
1062 3961 1179 4028 aculon,

276 4036 440 4109 perpende,
463 4037 545 4110 quod
566 4040 710 4106 morieris,
812 4044 846 4095 ut
867 4043 1031 4100 vanitatem
1054 4045 1161 4102 videas

276 4122 418 4194 venitque
441 4120 505 4177 dies
529 4123 650 4179 ultimus
811 4121 951 4182 flectetur
972 4145 1058 4186 mens
1081 4131 1203 4198 irrisera,

277 4205 733 4280 etperdesfioresoptimosat·
748 4208 790 4268 20
812 4209 945 4269 membra
967 4211 1007 4270 ad
1029 4215 1143 4272 malum
1167 4214 1262 4288 erigis.

517 4290 627 4352 tende
651 4298 716 4350 etc.
