2822 5026
733 437 788 482 ΠΙ

230 593 352 656 multas
375 590 682 654 scandinauioarum
705 605 835 668 quoque
867 589 1070 650 dioecesium
1078 582 1113 664 *)‚
1147 589 1224 650 inde
1244 605 1304 666 ap·

230 700 332 772 paret,
353 693 460 756 Nealii
481 693 594 754 labore
628 696 662 752 et
685 691 794 766 studio
828 691 1011 754 doctrinam
1033 691 1305 768 hymnologioam
1384 691 1387 696 '

229 798 351 858 iactam
374 810 450 856 esse
474 810 682 870 europaeam.
725 793 793 856 Nos
810 798 931 867 autem,
955 793 1175 854 sidoniorum
1197 793 1304 854 homi-

229 917 309 960 num
332 897 530 958 universitas
552 912 611 973 pro
633 895 764 972 publico
787 912 926 956 munere
941 896 1056 956 Nealio
1080 896 1221 973 gratiam
1244 895 1304 954 ha-

229 1001 293 1076 bet,
309 1001 412 1060 altero
428 1000 556 1076 privato
570 999 707 1074 insuper
722 996 831 1058 eidem
845 998 988 1060 devincti
1001 1013 1125 1060 sumus.
1161 984 1314 1070 Etenim}

230 1103 349 1180 quibus
373 1117 454 1179 erga
476 1117 530 1162 me
553 1102 603 1162 uti
625 1101 710 1161 solet
732 1101 791 1160 Vir
813 1101 946 1174 Doctus,
980 1099 1170 1176 benignitas
1193 1103 1227 1158 et
1249 1113 1303 1158 co-

229 1204 337 1278 mitas,
359 1203 509 1264 eiusdem
532 1203 717 1264 ubertatem
739 1203 909 1262 doctrinae
933 1202 1038 1262 solam
1068 1201 1192 1262 habent
1213 1215 1303 1261 com·

229 1321 352 1382 parem.
382 1303 557 1382 singulare
569 1305 669 1365 decus
685 1305 803 1364 horum
820 1303 1130 1382 supplementorum
1144 1305 1179 1363 in
1193 1303 1303 1364 fronte

231 1407 368 1468 secundi
384 1407 562 1466 voluminis
579 1412 630 1466 est
643 1407 749 1466 Nealii
764 1406 962 1482 Epistola
977 1407 1025 1466 de
1041 1405 1304 1484 Sequentiis,

231 1527 316 1590 quae
338 1509 442 1586 ipsius
466 1508 654 1586 sequentiis
677 1508 738 1568 fuit
759 1509 918 1586 praefixa,
950 1512 984 1568 at
1012 1525 1100 1568 nunc
1123 1509 1163 1568 ab
1186 1507 1303 1567 Nealio

230 1612 265 1671 in
288 1611 450 1671 Thesauri
480 1611 691 1671 commodum
721 1610 830 1670 denuo
860 1611 1024 1670 recensita
1054 1615 1087 1670 et
1116 1614 1213 1672 aucta
1243 1611 1304 1670 est.

230 1711 335 1774 simul
370 1713 565 1804 scripturam
600 1717 749 1772 veterum
778 1713 1022 1774 Breviariorum
1046 1712 1303 1774 sarisburiensis

231 1820 264 1891 et
286 1815 543 1887 aberdonensis,
567 1818 666 1892 atque
690 1815 814 1890 optima
837 1815 988 1894 scituque
1004 1815 1201 1893 dignissima
1217 1829 1303 1892 quae

231 1935 271 1980 ex
293 1917 474 1992 Hispaniae
498 1920 530 1976 et
545 1917 736 1977 Lusitaniae
759 1917 852 1976 libris
874 1917 994 1990 hausit,
1017 1918 1099 1978 mihi
1122 1915 1304 1978 communi-

231 2021 324 2092 cavit,
357 2023 456 2096 atque
492 2019 627 2079 omnino
661 2035 701 2079 ex
736 2019 837 2078 ubere
867 2019 1025 2080 scientiae
1047 2019 1305 2098 hymnologicae

230 2123 301 2184 rivo
323 2126 416 2182 tanta
439 2121 533 2196 copia
556 2121 598 2180 ad
622 2136 684 2180 nos
699 2121 915 2197 permanavit,
938 2126 975 2181 ut
989 2123 1052 2206 hoc
1076 2137 1207 2200 quoque
1230 2119 1304 2180 loeo
1363 2147 1368 2152 ·

127 2300 134 2306 ἱ
229 2225 345 2286 Nealio
369 2223 419 2282 uti*
440 2223 586 2283 sinceras
609 2223 656 2282 ita
677 2223 839 2283 maximas
864 2223 988 2299 gratias
1011 2225 1128 2284 merito
1153 2239 1260 2300 agam.

315 2317 506 2403 Postquam*
526 2327 573 2384 ita
608 2323 716 2385 officio
751 2327 831 2384 satis
861 2325 1008 2399 fecimus,
1044 2331 1150 2398 restat
1169 2330 1207 2386 ut
1227 2315 1325 2402 post'

232 2427 480 2510 quatuordecim
514 2441 619 2486 annos
650 2443 690 2486 ex
711 2427 828 2486 intimo
852 2428 963 2487 animo
985 2431 1183 2504 repetamus
1218 2431 1304 2504 quae

231 2533 311 2592 olim
331 2529 527 2607 praefationi
548 2529 646 2606 primi
661 2528 839 2590 voluminis
851 2529 1013 2589 Thesauri
1030 2529 1302 2606 subscripsimus:

252 2637 254 2644 ’
316 2635 411 2694 Faxit
447 2636 559 2692 autern
582 2631 744 2692 Dominus
778 2631 939 2692 ecclesiae
970 2631 1169 2693 christianae
1193 2631 1229 2692 O.
1251 2629 1305 2705 M„

231 2735 324 2798 cuius
359 2736 521 2796 honorem
555 2747 672 2794 omnes
704 2734 821 2809 hymni
844 2733 1019 2808 celebrant,
1054 2751 1152 2812 quem
1176 2733 1305 2794 cantica

228 2837 421 2916 praedicant
443 2841 476 2897 et
498 2837 692 2916 sequentiae
716 2853 790 2896 curn
813 2837 1002 2912 antiphonis
1023 2835 1177 2897 laudibus
1200 2840 1304 2898 certa-

230 2943 291 3002 tim
314 2941 482 3014 extollunt,
505 2945 542 3000 ut
564 2941 617 3000 hic
641 2941 742 3000 etiam
766 2939 950 3000 studiorum
973 2945 1161 3001 nostrorum
1177 2939 1303 3000 fructus

231 3043 438 3104 adsalutem
462 3043 622 3104 ecclesiae
647 3043 847 3104 christianae
862 3043 980 3104 valeat.
1017 3041 1196 3104 Offerimus
1219 3055 1303 3119 opus

231 3150 381 3206 nostrum
415 3150 574 3224 tanquam
609 3145 732 3206 donum
764 3145 919 3205 omnibus
954 3144 1140 3224 quicunque
1181 3161 1304 3205 nomen

232 3247 353 3310 Christi
377 3253 490 3310 sancte
514 3249 632 3321 solunt,
666 3249 836 3310 offerimus
860 3248 1070 3337 sanctissimo
1105 3247 1306 3324 redemptori
1346 3261 1349 3265 ·

230 3368 290 3429 pro
314 3352 440 3412 unitate
462 3357 562 3430 atque
585 3351 719 3412 amabili
735 3351 894 3412 ecclesiae
916 3351 1091 3411 concordia
1107 3350 1305 3411 sacrificium

231 3471 340 3532 neque
365 3453 453 3514 aliud
476 3455 553 3533 quid
578 3472 618 3514 ex
632 3455 748 3514 intimo
766 3455 876 3514 animo
892 3470 1072 3542 precamur,
1096 3443 1160 3515 n'isi
1182 3457 1219 3513 ut
1240 3452 1305 3528 ipsi

232 3571 363 3636 quoque
387 3558 570 3618 sentiamus
594 3557 673 3617 illud
698 3558 785 3636 quod
808 3557 848 3616 de
878 3557 1089 3618 sanctissimo
1118 3555 1306 3632 patriarcha

231 3659 390 3734 scriptum
412 3657 571 3734 legimus:
594 3661 751 3737 Respexit
771 3649 933 3720 Dominus
956 3659 998 3719 ad
1020 3674 1158 3718 munera
1181 3659 1260 3720 eius.

301 3839 326 3904 *)
345 3839 425 3890 Aliae
440 3838 608 3907 Sequentiae
623 3838 837 3892 scandinaricae
846 3839 875 3891 in
888 3837 1056 3906 quibusdam
1069 3839 1210 3892 fasciculis
1223 3835 1305 3906 egre-

233 3907 343 3974 giarum
361 3907 586 3974 ephemeridum:
606 3909 685 3971 „The
704 3907 941 3976 Ecclesiologist“
959 3922 1079 3961 excusae
1098 3911 1171 3968 sunt.
1224 3955 1226 3958 .
1310 3967 1313 3984 Ι

317 4035 509 4099 Scribebam
533 4037 626 4096 Halis
648 4036 682 4096 in
704 4035 917 4113 Paedagogio
939 4036 1045 4112 Regio
1081 4065 1084 4072 ,

406 4141 459 4200 die
480 4139 562 4200 ΧΙΙΙ.
584 4137 658 4200 Iulii
680 4137 889 4200 MDOOOLV.

791 4301 919 4376 nem
936 4302 1083 4418 'aaut
1105 4303 1252 4380 aanor.
1318 4385 1322 4389 ,
1403 4245 1405 4256 ’
