2772 5024
289 609 365 666 Duci
389 613 511 666 cruento
534 607 699 680 Martyrum
757 579 780 634 .'
826 608 936 666 Sancto
958 609 1093 682 repletus
1116 609 1237 684 Spiritu,

308 695 424 750 Novum
441 710 582 750 canamus
594 695 754 750 canticum:
841 695 992 768 vultuque
1008 712 1130 768 compar
1141 695 1275 770 Angelis,

308 778 754 852 Quoddule'esitpsallentibus,
841 778 916 837 Jesu
938 779 1027 836 iidem
1050 779 1120 838 dum
1142 783 1264 838 nunciat

309 866 405 939 Opem
427 865 504 921 serat
526 863 725 944 credentibus.
756 865 796 923 20
822 865 919 922 ,Emit
937 866 1117 939 triumphurn
1134 869 1289 940 sanguine.

243 986 262 1044 5
285 986 425 1050 Dicamus
445 985 588 1057 hymnum
604 983 755 1058 supplices
820 985 859 1040 Ut
880 984 977 1042 laetus
1000 1002 1084 1043 axem
1108 987 1243 1060 suspicit,

232 1114 234 1120 .
305 1069 424 1126 Palmas
449 1069 581 1128 canendo
605 1071 717 1126 militis:
844 1069 932 1126 Videt
954 1069 1073 1126 Patrem
1097 1088 1163 1128 cum
1186 1071 1267 1136 Filio,

256 1211 262 1217 ,
307 1156 363 1226 Qui
385 1157 498 1229 primus
513 1157 589 1212 inter
604 1156 753 1228 Martyres
839 1155 1011 1212 Monstran's
1031 1158 1060 1212 in
1077 1158 1166 1212 astris
1189 1157 1292 1224 vivere

307 1241 417 1298 Christi
441 1245 562 1298 secutus
587 1245 634 1298 est
656 1258 720 1296 cru·
840 1237 935 1309 Quem
957 1240 1042 1314 plebs
1065 1241 1187 1298 volebat
1209 1259 1277 1316 per-

526 1344 598 1382 cem.
1060 1325 1140 1382 dere.

257 1435 258 1438 ¹
286 1447 353 1502 Aris
377 1445 478 1502 dicant
500 1446 638 1520 apostoli,
756 1444 795 1502 25
819 1444 859 1500 Αι
882 1450 946 1500 tota
970 1445 1048 1503 saxis
1072 1445 1173 1501 durior

225 1533 262 1588 ιθ
301 1533 360 1588 Dei
382 1531 541 1604 probatum
563 1530 715 1596 laudibus:
841 1530 958 1590 ramea
981 1547 1053 1590 saxa
1075 1533 1209 1587 coniicit:

304 1617 344 1674 Ut
360 1618 446 1690 signa
461 1618 564 1672 mortis
581 1621 738 1672 conterens
841 1616 933 1674 Simul
957 1617 1116 1689 sepulchro
1141 1623 1171 1672 et
1194 1617 1292 1672 funeri

303 1703 407 1758 Ferret
430 1719 555 1758 coronas
577 1703 711 1758 nominis.
838 1701 953 1756 Datura
976 1701 1086 1757 Christi
1109 1703 1240 1758 militem.

195 1804 209 1878 ι’
284 1821 529 1898 Opraeferenda
552 1821 660 1896 gloria!
817 1821 923 1876 Levita
946 1807 1251 1894 'gaudens'vertice
1292 1831 1297 1836 ’
1384 1817 1385 1822 ’

213 1905 217 1916 “
305 1907 459 1964 Onobilis
483 1908 620 1964 victoria!
709 1931 714 1939 ·
756 1905 796 1963 30
833 1905 921 1962 -Ictus
944 1907 1077 1962 furentes
1101 1909 1224 1980 excipit:
1385 1968 1386 1973 ἵ

222 1988 267 2052 15
303 1993 410 2050 Levita
432 1993 499 2049 fuso
523 1993 651 2049 caelicas
837 1991 1020 2066 Rogansque
1047 2009 1155 2048 numen
1179 1993 1256 2090 iugit
1259 2009 1293 2048 er

276 2079 394 2154 ‘Rigat
416 2097 522 2136 cruore
545 2079 673 2134 laureas.
839 2076 885 2132 Ad
909 2083 991 2134 astra
1014 2079 1089 2134 mitti
1092 2079 1215 2152 tspirit
1216 2095 1275 2133 um.
1303 2115 1305 2122 ,
1384 2071 1385 2080 ³

522 2197 606 2263 Jesu,
631 2195 682 2252 tibi
706 2197 746 2252 sit
768 2197 863 2270 gloria

545 2283 602 2354 Qui
625 2285 712 2336 natus
736 2299 769 2334 es
788 2281 829 2337 ‘de
851 2280 988 2364 Virginef
1006 2287 1061 2338 etc.

533 2493 662 2582 Amore
686 2490 818 2560 Christi
839 2492 973 2560 nobilis.
1029 2547 1033 2554 .

405 2596 488 2648 Thes.
507 2595 527 2647 Ι.
546 2613 572 2662 p.
591 2597 632 2650 92.
667 2593 711 2648 De
731 2595 757 2649 S.
775 2595 884 2648 Joanne
906 2593 1097 2662 Evangelista.

303 2709 426 2765 Praeter
447 2706 614 2766 Joanneum
636 2709 778 2782 hymnum
800 2709 829 2764 in
852 2708 1006 2764 Thesauro
1029 2713 1132 2764 nostro
1156 2711 1290 2781 positum

218 2799 315 2870 exstat
337 2793 417 2850 aliud
440 2795 638 2874 fragmentum
668 2793 748 2868 apud
764 2792 954 2859 Aldhelmum
977 2792 1005 2860 (ι
1028 2793 1099 2875 709)
1131 2794 1176 2849 De
1200 2793 1289 2850 laude
1385 2792 1386 2861 j

217 2881 369 2954 Virginum
400 2887 446 2952 ep.
471 2880 499 2936 7.
525 2880 601 2952 Opp.
628 2878 673 2934 ed.
699 2879 781 2935 Giles
804 2897 832 2951 p.
857 2879 889 2935 7:
919 2907 961 2916 —
980 2889 1026 2916 ‘—
1047 2883 1164 2934 utnon
1187 2881 1289 2935 incon·
1385 2878 1386 2881 ’

215 2967 370 3022 venientes
393 2965 522 3021 carmine
545 2965 713 3042 rhythmico
737 2963 794 3019 dici
817 2970 920 3037 queat:

421 3123 424 3128 -
523 3083 659 3138 Christus
680 3099 789 3156 passus
811 3081 945 3156 patibulo

432 3176 436 3186 ‘
483 3164 484 3167 ¹
521 3169 621 3242 Atque
643 3169 695 3224 leti
718 3167 841 3224 latibulo

511 3255 671 3328 Virginem
693 3254 784 3328 Virgo
807 3254 919 3352 Virgini
983 3319 988 3328 ⁸

521 3337 798 3396 Commendavitu
766 3339 901 3394 ttuamini
1097 3329 1102 3340 ⁸

216 3459 270 3518 Vc}
294 3446 427 3516 efficiunt
449 3472 554 3515 sersus
584 3463 699 3532 partem
730 3459 867 3514 carminis
889 3459 917 3512 in
941 3458 1087 3514 honorem
1109 3459 1137 3514 S.
1162 3459 1286 3515 Joannis
1385 3496 1386 3531 3

213 3545 266 3602 Er
291 3545 462 3616 conscripti,
486 3544 534 3600 vel
556 3545 658 3616 hymni
682 3543 719 3598 de
734 3543 878 3600 Passione
900 3543 1030 3599 Domini:
1055 3548 1086 3599 at
1108 3562 1168 3600 non
1193 3545 1284 3600 conti·
1369 3539 1375 3558 '

215 3632 259 3704 git
281 3631 310 3686 in
312 3635 428 3704 tegnam
452 3631 618 3685 cantionem
641 3630 831 3702 investigare

300 3715 414 3770 Auctor
444 3716 582 3770 carminis
612 3714 748 3786 Amore
779 3713 930 3770 Christi
961 3732 989 3772 v.
1012 3714 1315 3819 5-20f01nsse
1384 3707 1385 3732 ³

215 3802 362 3876 expressit
350 3799 573 3856 tAmbrosium
597 3798 662 3855 de
656 3815 766 3856 incarn
792 3816 816 3855 c.
841 3800 868 3857 3

646 3929 848 3945 ‚qm-..⁴-

480 4014 486 4024 ¹
528 3991 641 4088 Apate
665 3991 789 4074 beatae
810 3992 965 4076 virginis.

503 4095 587 4146 Thes.
605 4093 626 4145 I.
644 4111 670 4160 p.
689 4095 729 4146 ιιι.
765 4091 809 4146 De
828 4093 854 4146 S.
873 4093 993 4160 Agncte.

299 4207 420 4264 Neaiius
445 4225 461 4263 e
483 4208 570 4264 Brev.
595 4205 801 4262 Ambrosiano.
818 4205 858 4260 ,1‚
883 4205 1051 4279 Agnetis
1076 4203 1208 4263 almae.
1234 4204 1276 4262 13.

213 4298 379 4366 nuptam.
422 4293 467 4349 15.
498 4294 591 4348 viro.
630 4293 680 4349 24.
710 4293 840 4346 focos.¹
875 4290 1106 4348 Commendatur
1137 4294 1277 4365 scriptura

214 4379 281 4438 loco
304 4377 466 4434 Anthrosii:
490 4403 534 4414 -
554 4384 641 4450 atque
669 4380 700 4434 in
729 4378 801 4452 apsis
829 4377 980 4450 sacrilegis
1007 4378 1085 4448 focis
1115 4379 1276 4454 trophaeum
