2904 5028
223 606 254 664 Si
275 609 306 662 te
329 596 436 679 eulpae
456 601 542 662 labes
564 605 670 678 tangit,
755 602 849 662 Maris
872 603 961 660 stella
983 608 1031 660 est
1051 603 1156 673 Maria,

222 697 273 748 aut
295 690 456 748 Gehennae
478 693 576 748 metus
598 691 690 766 angit,
757 705 835 764 quac
857 693 888 746 te
910 694 993 748 certa
1016 689 1106 746 ducet
1127 692 1228 749 via-'-

220 783 351 834 mentem
372 793 430 832 non
453 773 586 841 deiicies;
756 774 874 832 stellam
895 776 985 831 maris
1008 777 1126 834 invoca!

156 863 197 924 25
220 861 314 919 habes
338 859 484 918 evadendi
506 861 596 918 viam:
661 873 685 879 ··
754 861 832 916 inter
854 859 1077 916 tribulationum

68 941 71 950 “
221 965 306 1007 curre
329 945 451 1003 tandem
473 944 511 1001 ed
532 943 667 1012 Mariam,
691 935 732 1004 40
756 933 865 1001 fluctus
889 949 920 1001 et
941 947 1140 1004 tentationum

219 1033 295 1090 hacc
318 1037 348 1088 te
370 1049 430 1086 non
453 1029 607 1113 despiciet.
754 1030 987 1090 hocccleusma
1008 1033 1127 1089 insono:

221 1117 364 1174 OMaria
386 1119 443 1172 etc.
650 1190 655 1196 Π
757 1114 782 1170 0
805 1115 902 1212 Maria
920 1121 981 1172 etc.

220 1237 252 1294 Si
266 1241 423 1294 ventorum
437 1251 569 1290 murmur
582 1233 690 1302 fremit,
1191 1305 1193 1310 ,

155 1323 196 1383 30
218 1325 433 1396 tempestatum
454 1321 536 1376 furor
556 1321 665 1396 premit
754 1317 834 1394 Ergo
856 1335 956 1394 parce,
981 1319 1124 1390 oMaria,

218 1406 356 1483 cymbam
376 1407 455 1463 inter
478 1383 635 1479 scopulos:
752 1421 845 1480 parce
868 1422 968 1473 servo,
992 1411 1053 1464 mat
1055 1423 1087 1464 er
1107 1407 1170 1483 pis‚'

217 1509 290 1550 ecce
313 1493 455 1550 marist
426 1491 515 1548 stella
536 1491 627 1560 lucet,
689 1489 730 1549 45
755 1493 779 1548 si
802 1489 875 1548 adt
863 1491 1102 1560 teclamaverit;

218 1577 357 1653 cymbam
392 1577 468 1634 haec
502 1577 533 1632 in
569 1581 689 1650 portum
753 1593 812 1633 non
834 1575 977 1633 recordor
1003 1573 1202 1647 messuisse,

510 1659 601 1720 ducet
621 1689 664 1700 —
755 1678 925 1737 quenquam
947 1667 978 1718 te
1001 1661 1180 1733 deseruisse,

215 1751 248 1806 in
268 1747 346 1806 hane
368 1751 463 1814 verte
476 1747 589 1804 oculos.
755 1749 806 1822 qui
827 1752 860 1803 te
879 1749 1071 1806 invocaverit.

102 1819 106 1838 ⁸
153 1834 191 1895 35
218 1833 244 1892 0
266 1834 362 1892 Maria
384 1837 441 1890 etc.
752 1832 778 1888 0
800 1829 897 1888 Maria
919 1837 976 1889 etc.

239 1952 408 2011 Simrock
435 1971 464 2028 p.
495 1951 573 2012 26οι
603 1951 954 2035 Νααίαηιπσαητίῑεπα.
1004 1951 1224 2030 Konigsfeld
1300 1965 1302 1970 '

151 2060 179 2116 p.
205 2039 282 2099 272:
312 2038 558 2100 sinuessam
587 2037 648 2096 aad
674 2039 892 2106 Wassersnott,
923 2039 1078 2098 besoaders
1100 2041 1221 2098 beiden

152 2126 354 2186 italienicctea
378 2124 524 2198 Scbtffera
547 2123 683 2186 beliebter
708 2123 831 2197 Gesany.

531 2383 688 2472 Oquam
711 2385 850 2453 decora.
876 2395 878 2400 ’

478 2483 631 2546 Marianus.
667 2485 778 2540 Corolia
796 2485 890 2539 Wallr.

215 2601 241 2659 0
264 2617 354 2677 quam
373 2598 483 2657 decora
751 2599 844 2670 Queni
869 2601 912 2657 sie
933 2601 1069 2674 praeivit,

214 2687 293 2746 felici
316 2702 424 2743 aurora
747 2702 858 2760 parens
880 2687 1003 2744 nutrivit
1082 2685 1085 2694 “

214 2778 248 2830 tu
269 2774 349 2831 utne
371 2775 468 2828 meter
487 2771 630 2828 exoraris!
688 2769 725 2829 15
750 2788 857 2828 aurora
879 2771 974 2828 solem
995 2772 1055 2828 iust
1056 2772 1136 2839 itiac‚

215 2863 249 2915 tu
271 2858 333 2926 sol,'
350 2862 383 2914 tu
402 2857 481 2923 luna;
751 2861 782 2914 et
804 2855 960 2914 destinetis

170 2945 189 3003 5
214 2943 265 3000 lux
286 2941 371 2999 nobis
394 2959 471 3010 una,
562 2935 587 2976 ³
751 2943 781 2998 in
803 2947 929 3000 mortem
943 2943 1060 3028 gnatis,

29 3072 30 3080 1
214 3044 292 3104 quae
314 3044 465 3104 nunquam
493 3029 580 3086 terris
605 3043 684 3084 emo·
751 3026 828 3084 diem
850 3015 968 3084 reduxit
989 3027 1131 3086 laetitiae
1205 3085 1207 3104 ,

552 3129 644 3172 rem
751 3146 854 3216 Osol,
878 3147 997 3216 cluna,
1073 3141 1075 3148 ’

214 3233 306 3291 Ortus
328 3233 436 3290 natalis
474 3224 477 3230 ’
689 3232 731 3293 20
753 3251 770 3290 o
792 3233 905 3308 pharus
926 3250 995 3302 una,
1229 3275 1231 3282 .

213 3319 348 3398 Reginae
370 3319 439 3375 talis
750 3317 820 3376 dum
857 3319 964 3392 cymba
1000 3321 1107 3395 gemit,
1144 3319 1219 3376 beu!

214 3405 333 3462 umbras
349 3405 481 3462 illustrat
492 3404 686 3482 gementium
745 3448 747 3460 .
911 3405 1065 3480 naufraga,

151 3490 259 3558 loen,
284 3491 370 3548 coelo
393 3493 465 3546 nata
488 3521 492 3526 ‚
752 3495 785 3556 tu
807 3505 861 3563 per
883 3489 1046 3562 profundae

214 3581 261 3633 est
283 3577 371 3634 terris
395 3573 467 3632 data
749 3574 817 3647 heic
840 3573 1039 3632 orbis-undas

213 3661 309 3737 Maria
330 3665 427 3720 mater
448 3659 618 3720 viventium.
749 3661 779 3716 in
801 3664 920 3733 portum
943 3659 1038 3738 dirige
1061 3659 1198 3728 carbasa,

394 3777 436 3847 25
458 3777 557 3837 Mater
579 3777 694 3856 salutis,

387 3889 389 3894 ·
457 3865 573 3938 lampas
595 3864 723 3931 virtutis,

380 3940 383 3954 '
459 3950 575 4024 expelle
597 3953 679 4006 ment
666 3950 705 4008 tis
728 3948 886 4026 caliginem

458 4035 551 4092 reduc
575 4039 719 4102 errantes,

400 4122 526 4180 leva
549 4125 705 4196 sperantes
769 4173 773 4180 .

370 4151 436 4268 30
458 4186 497 4264 ad
519 4207 615 4263 almae
637 4206 712 4264 lucis
735 4206 887 4282 originem.

581 4369 784 4389 -ι--ας--ὀ-ι
