2732 5026
185 587 369 646 -oonflotum
391 600 461 644 esse
482 599 500 641 e
521 583 657 658 pluribus
685 579 880 641 cantionibus.
924 579 1003 640 Sane
1031 595 1102 638 vero
1131 581 1185 656 qui
1206 579 1274 638 iuri·
1341 589 1344 598 ’

209 677 259 732 cta
281 671 483 746 disputatione
510 670 679 744 singulares
710 669 847 726 carminis
874 671 977 740 partes
1008 667 1183 732 seiunxerit,
1211 682 1275 722 eum
1349 723 1352 750 1

207 761 273 816 iure
294 757 416 830 Lynceo
431 757 683 830 perspicaciorem
705 753 822 812 dixeris.
858 753 980 819 Tamen,
1003 753 1108 811 sinon
1131 755 1224 818 certa,
1245 755 1277 808 ut
1350 755 1352 822 l

207 842 373 918 probabilia
394 857 606 916 proponamus,
629 844 731 898 monet
749 838 978 898 celebratissimi
1006 837 1109 912 hymni
1137 853 1222 896 amor
1250 841 1277 892 ct
1350 831 1352 912 i

209 927 348 990 studium.

295 1012 479 1079 cantionum,
505 1027 582 1086 quae
604 1013 634 1068 in
649 1010 800 1084 prolixiori
821 1009 932 1084 hymno
947 1009 1051 1076 latent,
1073 1008 1278 1082 antiquissima
1349 919 1352 1106 1

210 1103 257 1157 est
272 1114 317 1166 ea,
339 1115 428 1173 quam
443 1099 643 1172 germanicam
657 1097 728 1154 fecit
753 1101 845 1171 poeta
860 1096 1030 1153 teutonicus
1045 1093 1126 1168 apud
1139 1094 1277 1150 Wacker-

160 1205 173 1215 ‘
208 1185 299 1259 nagel
320 1185 355 1240 D.
378 1183 413 1240 K.
437 1201 467 1256 p.
491 1181 540 1240 78.
568 1181 752 1249 ¹(Canticum
774 1183 870 1240 sancti
892 1179 1066 1238 Bernhardi.
1094 1179 1278 1238 Miineliener
1342 1221 1347 1238 .

208 1268 403 1329 Haudsehrift
425 1266 497 1325 (lod.
515 1283 606 1342 germ.
622 1267 693 1325 717.
715 1267 768 1342 Pp.
785 1285 853 1328 vom
874 1266 950 1324 Jahr
974 1264 1064 1324 1347,
1087 1266 1130 1322 sol
1152 1264 1205 1324 68.
1219 1261 1276 1330 69.)

272 1438 322 1496 Nil
345 1439 461 1496 canitur
484 1439 616 1506 suavius,
811 1437 836 1495 O
859 1436 929 1496 Iesu
951 1438 991 1494 mi
1013 1435 1196 1502 dulcissime,

273 1522 393 1582 auditum
414 1524 456 1580 nil
477 1523 645 1590 iucundius,
811 1521 881 1596 spes
905 1523 1082 1596 suspirantis
1105 1523 1231 1588 animae,

274 1610 316 1666 nil
339 1610 489 1682 cogitatur
512 1609 638 1676 dulcius,
810 1614 841 1666 te
864 1613 1012 1684 quaerunt
1033 1609 1102 1682 piae
1130 1607 1294 1674 lacrimae,-

274 1711 365 1769 quam
386 1694 472 1751 lesus
494 1695 550 1752 Dei
571 1695 659 1752 filius.
812 1700 843 1756 te
865 1711 949 1752 amor
970 1695 1078 1750 mentis
1100 1693 1230 1763 intimae.

232 1813 251 1873 5
274 1813 364 1871 Mane
387 1813 542 1870 nobiscum
568 1813 703 1881 Domine,
748 1813 788 1874 25
811 1811 997 1888 Quocunque
1019 1811 1087 1868 locri
1110 1813 1204 1879 suero,

276 1904 307 1956 ct
329 1915 383 1954 nos
406 1899 524 1956 illustra
545 1899 655 1954 lumine
810 1917 927 1955 mecum
947 1898 1048 1955 Iesum
1071 1896 1218 1964 desidero,

274 1985 364 2058 pulsa
386 1985 483 2040 noctis
507 1985 642 2059 caligine,
812 2002 902 2060 quam
924 1985 1021 2040 laetus
1045 2000 1112 2039 cum
1131 1985 1274 2050 invenero,

229 2067 231 2072 ’
264 2058 417 2126 'mundum
431 2070 553 2144 replens
577 2068 744 2126 dulcedine.
812 2087 902 2146 quam
924 2069 993 2126 felix
1016 2086 1083 2124 cum
1105 2074 1236 2125 tenuero.

276 2187 334 2258 Qui
356 2193 386 2244 te
409 2193 534 2264 gustant
556 2191 701 2256 esuriunt,
812 2190 928 2264 Sequar
949 2193 980 2246 te
1003 2205 1124 2264 quoquo
1147 2189 1225 2256 ieris,

214 2273 252 2332 10
276 2275 327 2349 qui
349 2272 454 2330 bibunt
477 2272 575 2330 adhuc
598 2276 710 2342 sitiunt,
749 2275 789 2334 30
811 2276 882 2332 mihi
904 2274 970 2330 tolli
991 2292 1051 2330 non
1072 2275 1196 2348 poterim

275 2357 447 2438 desiderare
469 2361 608 2418 nesciunt
813 2378 881 2418 cum
902 2377 1000 2416 meum
1022 2377 1074 2415 cor
1090 2359 1254 2426 abstuleris,

78 2484 92 2502 .
187 2445 189 2451 ’
275 2445 331 2502 nisi
353 2443 453 2502 Iesum
475 2462 564 2518 quem
587 2445 722 2521 diligunt.
809 2446 880 2502 Iesu
901 2446 968 2504 laus
991 2446 1086 2502 nostri
1107 2447 1234 2520 generis.

275 2561 421 2620 Desidero
443 2569 474 2620 te
496 2565 612 2632 millies,
810 2564 893 2621 Coeli
915 2565 996 2621 cives
1020 2565 1175 2632 accurrite,

274 2649 315 2704 mi
337 2649 414 2716 Iesu,
439 2647 558 2723 quando
581 2649 694 2716 venies,
810 2654 914 2724 portas
936 2654 1055 2709 vestras
1078 2649 1215 2717 attollite,

164 2799 174 2818 .
214 2732 252 2791 lo
274 2749 322 2790 mc
344 2735 456 2791 laetum
479 2735 599 2810 quando
621 2735 723 2802 facies,
746 2735 788 2794 *35
811 2735 1020 2807 triumphatori
1043 2735 1145 2791 dicite:

274 2824 308 2878 ut
329 2820 415 2877 vultu
437 2824 488 2876 tuo
512 2823 613 2876 saties.
769 2895 771 2897 ‚
810 2837 866 2879 ave
888 2820 975 2888 Iesu,
989 2837 1040 2876 rex
1062 2820 1182 2894 inclyte.

276 2938 392 2994 Bonum
414 2939 485 2994 mihi
510 2939 634 3014 diligere
812 2939 898 2996 lesus
922 2937 960 2995 ad
981 2945 1099 3013 patrem
1120 2938 1216 3008 rediit,

274 3023 383 3091 Iesum,
408 3023 449 3079 nil
471 3023 549 3080 ultra
572 3041 726 3098 quaerere,
815 3027 952 3093 coeleste
970 3043 1096 3100 regnum
1118 3024 1216 3091 subiit,

195 3165 199 3172 ,
275 3107 346 3164 mihi
368 3126 492 3182 prorsus
515 3109 652 3178 deiicere,
811 3128 863 3167 cor
884 3128 982 3166 meum
1005 3127 1023 3166 a
1045 3129 1091 3167 mc
1118 3111 1240 3176 transiit,

211 3191 252 3252 20
275 3197 308 3248 ut
329 3193 372 3250 illi
395 3211 502 3268 queam
523 3197 632 3253 vivere.
747 3195 788 3254 40
809 3201 881 3270 post
902 3185 1002 3252 lesum
1025 3195 1111 3252 simul
1138 3193 1215 3254 abiit.

516 3315 616 3372 Iesum
638 3331 799 3388 sequamur
820 3313 968 3382 laudibus,

517 3401 604 3467 votis,
628 3400 746 3473 hymnis
770 3404 800 3456 et
825 3399 974 3473 precibus,

515 3491 549 3542 ut
567 3501 624 3542 nos
648 3485 740 3542 donet
762 3485 943 3543 coelestibus

486 3587 619 3670 'secum
640 3571 753 3644 perfrui
776 3569 906 3628 sedibus.
1349 3569 1352 3624 l

295 3737 544 3812 Antiquissimum
575 3739 651 3798 duco
683 3757 801 3798 carmen
830 3741 877 3798 his
908 3741 945 3798 de
976 3743 1084 3798 causis.
1133 3737 1269 3818 1.‚Godex
1349 3749 1352 3824 q

210 3825 400 3898 germanicus
423 3829 457 3880 ut
479 3825 550 3882 mihi
572 3825 691 3882 ridetur
705 3827 927 3884 vetustissimus
952 3832 999 3884 est
1021 3845 1057 3884 ex
1073 3825 1204 3884 omnibus
1226 3820 1269 3896 qui
1349 3827 1352 3906 ζ

208 3907 311 3981 hymni
333 3910 468 3966 iniiciunt
490 3913 677 3968 mentionem.
723 3911 752 3970 2.
776 3912 842 3968 Non
871 3913 965 3970 nullis·
991 3912 1124 3988 strophis
1148 3907 1267 3982 exceptis
1341 3925 1352 3984 »y

209 3991 302 4060 5-8,
326 3994 463 4064 ait—36,
487 3997 615 4055 412-44
636 3996 678 4062 (in
698 3997 726 4054 A
742 3997 811 4054 etG
834 3996 965 4065 omissis]
980 3999 1117 4073 reliquae
1139 4000 1169 4054 in
1190 3992 1269 4052 omui·
1350 3991 1352 4052 ἒ

207 4077 264 4134 bus
293 4079 472 4138 membranis
502 4083 607 4156 legunt
608 4099 660 4150 ur,
691 4097 769 4158 qnae
798 4083 940 4156 prolixius
971 4101 1090 4141 carmen
1120 4080 1266 4140 eontinent.
1349 4101 1352 4202 q

208 4209 328 4216 ...ω-...η
339 4212 388 4217 ...-
1350 4203 1352 4246 q

112 4310 120 4317 -
157 4257 166 4285 ⁸
203 4275 265 4342 Just
283 4277 385 4338 stated
405 4275 490 4330 didJ
507 4275 563 4328 feel
585 4273 646 4328 that
667 4275 690 4328 it
712 4276 806 4330 would
830 4277 865 4330 bc
888 4277 1017 4346 merely
1041 4293 1057 4330 a
1082 4276 1174 4330 loast
1175 4271 1263 4328 oitte

205 4347 322 4410 present
338 4344 408 4398 itin
424 4343 480 4398 this
498 4343 604 4398 brieter
620 4345 700 4398 form.
855 4365 860 4386 ι
