2904 5028
152 622 241 694 Quod
279 613 375 699 genus
410 625 573 700 praeeipne
608 623 639 684 ia
675 624 764 686 tertio
801 641 960 710 oeonrrere
976 639 979 646 '
996 643 1086 686 versu
1123 627 1224 686 obser·

67 743 71 754 ·
151 727 265 768 ramus.
942 741 946 749 ·

169 803 180 824 „
218 830 398 904 Saepissime
432 822 533 892 antem
566 849 625 894 uno
654 831 896 892 homoeoteleuto
920 831 1107 892 clauduntur
1121 849 1224 892 omnes

128 925 133 929 ’
153 915 310 982 'caudatam
333 921 367 976 ut
388 917 424 977 fit
435 917 466 976 in
478 905 665 977 nobilissima
679 917 730 976 illa
744 919 849 992 prosa:
894 917 981 974 Veni
1004 921 1132 974 sancte
1156 918 1225 994 spi·

151 1002 253 1058 ritus.
296 998 389 1062 Moris
413 1001 671 1083 quoqne-Adamo
695 1001 955 1086 sectatoribusque
978 1003 1042 1060 eius
1065 1007 1125 1069 est,
1146 1003 1225 1060 inter

93 1101 97 1104 ·
154 1085 287 1162 duplicia
309 1085 561 1146 homoeoteleuta
576 1087 722 1166 simplicia
743 1087 874 1150 hieillio
897 1104 1054 1164 spargere:
1078 1104 1104 1145 e.
1128 1105 1173 1164 με
1201 1135 1215 1167 a
1297 1118 1301 1124 ,

461 1241 551 1298 Nulla
574 1241 657 1297 salus
681 1245 728 1298 est
750 1241 780 1298 in
802 1237 890 1298 domo

460 1325 525 1383 Nisi
547 1343 637 1384 ernoe
658 1328 753 1384 munit
773 1326 863 1383 horno

533 1411 787 1487 Superliminaria:

460 1495 566 1580 Neque
589 1499 683 1560 sensit
704 1496 844 1572 gladium,
863 1495 867 1508 “

460 1578 523 1640 Nee
546 1583 644 1640 amisit
664 1583 757 1640 filium
892 1637 894 1644 .
941 1587 944 1592 '

376 1669 379 1676 “
477 1672 484 1683 ‘
534 1667 677 1744 Quisquis
700 1671 763 1744 egit
785 1669 864 1726 talia.

154 1819 289 1884 annuus
320 1825 434 1893 autem,
472 1838 532 1902 qua
559 1822 718 1883 verborum
747 1823 926 1896 copiositate
953 1821 1062 1900 pollet,
1096 1819 1166 1876 dnm
1188 1819 1227 1878 ad

155 1908 245 1966 finem
259 1907 366 1982 vergit,
383 1901 524 1986 grandior
543 1913 573 1964 et
589 1897 727 1968 disertior
741 1909 771 1964 in
786 1908 940 1967 materiam
955 1923 1039 1962 suam
1054 1922 1227 1981 assurgens,
1346 1903 1349 1907 ’

155 1991 398 2048 homoeoteleuta
433 1991 615 2066 reduplicat:
652 1993 731 2051 hune
758 1993 788 2048 in
810 1985 945 2048 modum:
976 1991 1140 2054 aaabeceb:
1178 1990 1229 2048 vel

94 2069 128 2100 *⁶
157 2077 261 2134 etiam:
296 2075 496 2134 aaaabeoeeb:
531 2080 616 2138 ouius
636 2069 876 2140 rei‘admirabile
893 2080 1002 2132 „exstat
1024 2077 1184 2150 specimen
1198 2075 1228 2132 in

156 2162 263 2220 ultima
277 2162 403 2234 stropha
417 2162 520 2236 hymni
534 2155 658 2220 Lenda
674 2163 758 2220 Sion
774 2163 1009 2229 salvatorem,
1033 2160 1096 2218 aS.
1113 2159 1229 2216 Thema

158 2248 272 2322 scripti„
291 2269 336 2290 «-
371 2247 511 2306 Pumiris
548 2249 635 2306 metri
671 2247 836 2314 rationibus
873 2243 1034 2322 aliquande
1068 2245 1229 2303 utebantur

156 2337 284 2407 poetae,
312 2331 383 2410 dum
412 2332 470 2394 hoo
492 2351 590 2409 genus
617 2349 758 2393 versuum
780 2331 971 2408 ingeniosius
986 2347 1076 2406 qnam
1097 2331 1229 2392 fructuo-

158 2418 221 2478 sina
243 2417 391 2476 texebant.
437 2419 468 2482 E.
486 2438 533 2496 ga
1348 2417 1352 2422 ’

446 2570 505 2630 Fer
525 2569 613 2630 nnius
637 2588 740 2629 casnm
762 2572 847 2648 grani

446 2657 492 2714 De
513 2657 593 2716 valle
615 2656 809 2716 (iethsemani

527 2741 638 2808 'Genua
661 2747 788 2818 snrgunt
808 2741 937 2817 plurima
1034 2803 1037 2808 ,
1145 2797 1149 2803 ,

447 2827 557 2886 Orbem
579 2833 687 2896 terrae,
710 2828 787 2884 coeli
810 2843 918 2902 gyrum

449 2912 564 2970 Omani
584 2927 670 2971 nores
691 2911 858 2987 Martyrum

536 2998 602 3062 Una
625 2997 738 3062 christi
758 2999 885 3056 victima.

159 3148 259 3220 Quum
281 3151 360 3214 enin
379 3151 474 3211 oeulis
496 3151 548 3210 hie
567 3167 673 3212 mmo
695 3142 806 3227 duplex
827 3127 1058 3212 homoeolenton
1081 3147 1229 3215 exhibeat,

99 3232 137 3291 5‘
159 3235 233 3294 nihil
255 3237 351 3294 minus
374 3254 407 3302 re
428 3236 532 3302 babet:
554 3240 616 3302 arsi
638 3238 716 3330 tino,
741 3238 819 3296 thesi
841 3235 911 3296 inde
932 3234 1144 3312 respondente.

190 3467 195 3476 Ι
245 3387 308 3445 Iam
341 3387 379 3447 de
411 3391 478 3447 aitis
513 3391 776 3474 triphthongorum
813 3389 1032 3448 troohaiearum
1068 3385 1229 3464 generibus

159 3473 237 3532 haee
260 3473 341 3532 diota*
363 3480 461 3533 snnto.

583 3683 622 3759 α’.
652 3696 808 3760 sabaoh.

337 4121 423 4206 Omni
447 4123 495 4184 die
518 4123 566 4182 dio
587 4123 701 4184 Mariae
722 4123 828 4182 landes
851 4109 926 4181 mea
939 4123 1037 4184 anima

335 4209 406 4269 Eius
430 4215 518 4288 gesta
540 4213 604 4268 eiua
626 4211 705 4268 festa
727 4207 783 4267 ede
807 4205 1048 4284 splendidissima

162 4364 245 4442 quod
266 4370 297 4423 et
319 4363 480 4441 aliqnando
502 4351 685 4440 dupiieator:
708 4364 788 4420 hune
810 4363 840 4420 in
862 4323 995 4426 modurn:
