2822 5026
107 623 266 688 leticum„
278 623 430 683 innumerae
454 629 651 680 rememorem
680 626 785 698 recepit
805 626 925 684 iamiam
948 628 1024 690 loeis,
1041 629 1178 697 omnibu,

104 709 259 784 spondeam
289 709 362 766 locis
393 715 503 766 tanturn
533 710 705 782 imparitas,
736 728 791 782 qno
820 712 946 784 scriptus
976 719 1021 770 ert
1048 712 1178 785 Hymnus
1208 769 1211 776 ,

100 794 214 853 Sednlii
255 795 279 860 Α
316 795 389 850 solis
425 799 508 852 ortae
542 793 670 852 cordine.
744 795 804 852 Sed
837 803 866 850 et
901 796 1082 856 Ambrosiam
1124 799 1178 859 nae

104 881 228 936 manime
266 886 408 936 anrrnnt:
469 879 544 936 Deae
573 887 687 936 creater
716 882 854 946 oninium,
891 882 953 938 Iam
982 884 1078 955 saepit
1106 883 1178 940 nora

105 967 205 1030 tertia,
234 963 380 1038 Splendor
396 971 540 1038 paternae
560 959 687 1038 ploribe,
726 967 850 1022 Aeterne
879 985 975 1022 reram
998 965 1127 1030 oore'ditor
1150 977 1179 1026 et

101 1052 192 1108 aeteri
209 1051 381 1124 perplures,
405 1051 435 1106 in
457 1051 560 1122 quibas
576 1050 791 1123 pulcherrimus·
814 1051 916 1108 decore
938 1060 984 1108 est
1002 1055 1177 1128 tortuositas

102 1137 225 1209 dymnus
251 1136 398 1191 beatorum
427 1141 600 1214 martyram,
631 1138 713 1192 cuins
736 1137 796 1192 loon
818 1145 920 1194 cunata
949 1139 1070 1212 imparia
1091 1157 1176 1214 epen-

102 1223 196 1286 deam,
224 1221 349 1276 iamlam
373 1226 471 1276 tenent
486 1223 583 1294 paria.
632 1220 717 1277 Cuius
735 1223 909 1296 principiam
940 1231 1000 1278 ast:
1051 1224 1176 1280 Aeterna

108 1307 212 1366 Christi
238 1323 358 1362 munera
379 1305 420 1360 Et
441 1303 598 1378 martyram
621 1307 757 1364 victorias
778 1307 891 1364 Laudes
910 1309 1042 1379 serentes
1065 1307 1176 1366 debitas

44 1403 51 1420 ⁰
106 1393 200 1450 laetis
225 1408 364 1446 conamen
393 1392 515 1448 radias.
575 1392 689 1466 Rempit
716 1392 768 1448 boo
796 1399 915 1450 metrum
945 1394 1124 1466 alr'qnotiem¹
1145 1403 1178 1452 nt

32 1467 37 1490 ’
101 1479 202 1536 scribit
225 1476 347 1532 Mallius
372 1473 545 1542 Theodorus,
569 1478 653 1532 etiarn
677 1478 849 1534 tribrachum
865 1479 934 1534 loeis
949 1481 1077 1546 omnibns
1086 1493 1175 1554 praa-

105 1574 145 1620 ter
168 1563 366 1618 nouissimam.
411 1562 585 1618 Documento
615 1568 674 1618 eat:
729 1562 894 1636 Geryoneae
931 1563 1017 1627 (male
1040 1581 1098 1638 pro
1125 1585 1176 1639 pa-

104 1647 209 1713 mnae)
249 1649 335 1720 piune
371 1647 550 1704 substantiae
578 1648 690 1704 Alaorir
719 1655 753 1704 nt
781 1655 881 1704 currat
911 1651 991 1704 nient.
1051 1649 1175 1706 Ambro-

104 1735 185 1790 siana
210 1733 347 1788 carmina
368 1729 455 1804 apud.
470 1730 583 1788 Bedam
606 1749 726 1807 quoque
750 1734 879 1788 carmina
901 1733 938 1788 ab
960 1735 1026 1806 ipso
1049 1733 1175 1794 Ambro-

104 1820 145 1874 sio
176 1813 344 1890 intelligas.
391 1816 607 1874 Commemorat
644 1835 696 1873 sex
731 1818 858 1891 hymnos
891 1817 1121 1887 Ambrosienos,
1158 1837 1174 1878 e

105 1921 232 1978 quorum
253 1919 378 1958 numero
406 1905 534 1976 quatuor
563 1907 647 1958 extra
675 1919 791 1958 omnem
814 1902 1028 1960 dubitationem
1050 1905 1175 1962 Ambro-

104 1991 176 2050 sium
198 1992 322 2062 patrem
345 1992 519 2060 agnoscunt.
564 1987 670 2062 Itaque
692 1987 774 2044 haud
795 1989 940 2044 immerito
962 1990 1120 2064 colligitur,
1145 1995 1175 2046 et

111 2074 163 2132 ino
191 2073 253 2130 alia
285 2073 430 2139 earmina,
468 2072 532 2130 aliis
562 2073 744 2130 intermixta:
791 2071 970 2147 Splendor
997 2079 1174 2147 paternae

111 2159 245 2234 gloriae
279 2162 310 2214 et
333 2157 490 2214 Aeterna
519 2157 655 2216 Christi
683 2175 829 2216 munera
858 2158 895 2214 ab
917 2158 1075 2216 Ambrosio
1105 2175 1174 2218 esse

106 2245 250 2302 coniecta.
298 2242 426 2299 Accedit
453 2243 629 2324 Hincmarns
660 2243 697 2300 de
726 2261 786 2300 una
815 2249 845 2300 et
867 2263 926 2300 non
955 2246 1033 2301 trina
1054 2245 1174 2302 Deitate

101 2349 128 2404 p.
153 2331 228 2388 528.
254 2329 285 2386 S.
330 2329 491 2402 Aliquando
517 2327 713 2395 (Ambrosius)
745 2337 818 2386 totos
848 2337 908 2386 tres
936 2334 1054 2398 amulae
1070 2332 1173 2388 irini·
1217 2354 1222 2372 =

102 2418 171 2474 tatis
210 2429 368 2490 personas·
391 2415 557 2488 sinpillatim
593 2416 734 2490 efferenm
772 2417 858 2472 anino
893 2415 1011 2472 deitatis
1046 2424 1173 2474 sanatam

100 2503 278 2560 Trinitatem
309 2517 373 2556 esse
403 2499 580 2556 demonstrat
604 2501 718 2558 dicens:
763 2500 904 2575 Splendor
933 2509 1078 2576 paternae
1112 2504 1174 2576 ple·
1238 2481 1244 2502 ¹

95 2589 162 2643 riae
194 2594 250 2642 ete.
310 2585 348 2640 Et
376 2583 477 2641 adiicit
506 2590 567 2642 tres
597 2587 712 2660 priores
743 2585 892 2659 strophas.
943 2587 1019 2642 Item
1046 2588 1174 2660 primum
1221 2621 1226 2635 κ

95 2671 287 2757 versieulum
310 2671 420 2727 excitat
441 2689 470 2744 p.
494 2669 565 2730 548.
611 2669 653 2728 cf.
678 2676 716 2745 et,
730 2688 777 2728 vv.
801 2671 936 2738 21-24,
959 2672 1094 2730 28-32,

171 2778 247 2832 Cod.
265 2778 387 2832 Rhenav.
406 2779 446 2832 31.
465 2793 537 2832 saec.
556 2781 578 2832 9.
598 2779 641 2846 (R.
661 2782 688 2844 1)
707 2779 744 2830 in
762 2795 817 2846 quo
835 2783 930 2831 tamen
956 2781 973 2831 h
995 2793 1076 2832 mnus
1104 2795 1172 2848 prae

94 2851 252 2903 vetustate
275 2848 303 2899 in
326 2847 453 2916 plurimis
477 2848 599 2914 strophis
617 2863 706 2914 paene
730 2848 851 2899 evanuit.
887 2846 954 2899 God.
1017 2863 1096 2900 enon.
1117 2849 1172 2904 111.

94 2915 358 2982 saec.10.(R.2).
393 2915 475 2968 Brev.
502 2915 643 2968 Aberdon.
668 2917 743 2984 (Ab).
777 2915 859 2968 Brev.
883 2914 978 2967 Consi.
1002 2914 1053 2982 (Ο).
1089 2915 1172 2968 Mane

92 2985 117 3038 1.
141 3002 168 3052 p.
188 2983 240 3037 373
261 2999 302 3051 sq.
321 2983 381 3052 (Hs.
401 3000 435 3051 nu
454 2983 596 3050 stuttgart
622 2983 703 3036 Brev.
724 2984 779 3036 101.
800 2985 839 3037 15.
862 2983 958 3036 Jahrb.
987 2985 1023 3036 ad
1049 2981 1173 3048 Laudes.

94 3055 134 3107 In
153 3053 208 3105 der
225 3051 276 3103 Hs.
295 3067 329 3103 zu
348 3051 430 3104 Trier
448 3053 514 3105 1118
533 3053 582 3104 des
601 3054 624 3105 8.
638 3051 744 3113 Jahrb,
764 3052 852 3104 worin
870 3067 922 3105 nur
940 3053 992 3124 der
1010 3055 1086 3105 erste
1099 3051 1170 3104 Vere¹

95 3123 194 3182 steht,
222 3121 261 3172 ist
288 3120 339 3183 der
365 3119 492 3187 Hymnus
519 3119 662 3172 bestimmt
686 3121 737 3173 fer.
759 3121 777 3174 2
804 3121 839 3173 ad
865 3121 1026 3172 matutinos.
1066 3119 1114 3172 Hs.
1138 3135 1173 3174 nu

97 3189 197 3250 Trier,
225 3188 463 3240 Stadtbibliotbek
492 3189 565 3242 1101.
592 3190 615 3242 9.
633 3188 730 3241 labrh.
757 3189 802 3240 fiir
830 3189 878 3242 die'
902 3189 985 3242 Feria
1009 3191 1033 3244 2.
1069 3187 1118 3240 Ηι.
1137 3205 1172 3242 au

96 3257 246 3323 heiburg
264 3258 305 3308 56.
324 3257 363 3308 11.
377 3255 472 3308 Jahrb.
508 3256 557 3308 Hs.
574 3271 630 3308 von
643 3257 682 3308 st.
697 3257 781 3309 Peter
799 3273 833 3308 zu
846 3256 1000 3309 Karlsrube
1020 3258 1059 3308 15.
1072 3255 1171 3308 Jahrh.

96 3325 154 3378 mit
173 3325 226 3377 der
243 3323 374 3412 Melndie.
410 3323 458 3376 Hs,
477 3341 512 3376 nu
530 3323 708 3376 Lichtentbal
727 3327 766 3377 11.
784 3324 880 3377 Jahrh.
900 3326 936 3377 ad
953 3324 1051 3391 laudes
1069 3324 1118 3394 Μ.)

193 3437 220 3494 4.
245 3437 359 3492 Hinem.
384 3436 423 3491 M.
448 3436 538 3494 diem
561 3436 646 3494 dies.
692 3437 750 3492 Der
778 3437 1038 3512 Vers.entsprioltt
1059 3437 1120 3493 dene
1145 3457 1168 3493 v.

99 3527 146 3591 2.‚
190 3522 329 3578 demands
358 3531 465 3580 maeste
494 3523 540 3579 die
568 3524 672 3580 desert
700 3523 825 3596 pervinit
853 3523 975 3578 werden.
1021 3521 1052 3578 C.
1085 3521 1170 3577 dies

101 3609 255 3665 dierum
284 3609 328 3663 uti
357 3609 386 3662 in
415 3607 583 3664 Trevirensi
614 3625 691 3664 saec.
723 3607 750 3665 8.
783 3613 812 3663 et
843 3607 1002 3670 Oxnniensi
1032 3603 1109 3663 saec.
1141 3608 1169 3664 8.

103 3694 206 3760 (Thes.
230 3693 254 3748 Ι.
278 3691 368 3748 Proll.
392 3710 420 3766 p.
445 3693 486 3748 XI
502 3691 559 3767 sq.)
582 3699 612 3750 et
634 3695 662 3750 in
686 3693 760 3748 aliis.
805 3691 912 3748 Fundit
935 3693 1083 3766 scriptura
1106 3709 1172 3748 sen-

104 3798 171 3836 snm
193 3777 335 3835 idoneum
357 3795 454 3853 neque
477 3796 534 3852 ego
551 3783 633 3836 extra
648 3777 862 3834 dubitationem
876 3779 1051 3854 putaverim,
1074 3783 1185 3836 utrum‘
1219 3837 1223 3846 ,
1304 3819 1306 3826 ,

103 3869 195 3940 poeta
218 3865 374 3938 scripserit
391 3863 480 3924 ,diem
510 3862 573 3920 dies
603 3879 639 3919 an
663 3861 726 3920 dies
750 3861 881 3924 dierum,
916 3863 943 3922 9.
967 3863 1001 3918 R.
1028 3865 1053 3920 1.
1078 3865 1106 3922 2.
1130 3864 1170 3931 M.

105 3950 135 4006 C.
161 3955 201 4006 et
223 3953 393 4023 patrem,
417 3948 498 4023 quod
519 3949 687 4022 recipimus.
715 3950 760 4006 14.
784 3949 824 4004 Μ.
850 3947 998 4004 dentes.
1030 3949 1082 4006 der
1103 3950 1172 4008 Plu·

106 4037 151 4092 ral
171 4038 213 4092 ist
234 4035 439 4102 vorzazieleen,
469 4037 535 4090 weil
562 4053 594 4090 er
623 4054 647 4091 r.
669 4035 717 4090 13.
741 4035 802 4090 and
823 4035 867 4090 15.
892 4035 976 4092 stelit.
1022 4035 1087 4092 Non
1108 4033 1172 4090 idn-

106 4138 193 4178 neum
215 4119 336 4178 videtur
353 4124 579 4194 argumentum,
603 4126 637 4176 ut
659 4119 764 4176 dentes
786 4138 840 4193 pro
864 4119 953 4176 dente
976 4117 1170 4199 commendet.

110 4207 156 4263 18.
178 4206 236 4262 Ab.
258 4204 376 4272 fidei,
399 4203 480 4280 quod
501 4205 609 4279 probat
631 4205 760 4263 Nealius.
785 4206 912 4263 21-24
934 4205 1015 4278 apud
1036 4206 1173 4262 Hincma-

94 4277 170 4347 'rum
192 4291 230 4348 de
253 4295 434 4372 unaetap.
451 4290 527 4350 528:
552 4290 817 4364 christusque
840 4289 952 4346 nobis
975 4292 1029 4346 'sit
1051 4289 1171 4353 cibus,

107 4383 307 4454 potusque
338 4379 476 4432 noster
506 4377 558 4433 sit
579 4373 697 4454 sides:
721 4376 819 4434 laeti
841 4375 1017 4432 bibamus
1041 4371 1172 4430 sobrie
