2772 5024
490 409 492 414 ’
587 456 650 534 as

326 633 408 702 lien
424 633 580 720 phrase
602 632 816 720 martyrem.
859 630 904 698 R.

353 733 437 790 Thes.
455 734 477 788 I.
494 751 521 804 p.
539 736 598 791 iud.
633 733 677 786 De
695 731 880 802 Martyribm.

174 849 348 926 Supplemus
371 853 489 906 textum
506 847 649 906 Breviarii
668 845 794 904 Romani
816 845 1000 902 hodiernum.

153 969 209 1026 Rex
230 969 361 1044 gloriose
383 969 558 1042 Martyrum,
637 967 657 1026 h
681 965 792 1024 Aurem
812 966 970 1041 benignam
997 966 1138 1040 protinas

153 1055 263 1112 Corona
291 1055 502 1121 confitentium,
681 1050 806 1108 Intende
828 1052 939 1110 nostris
962 1050 1096 1117 vocibus,

153 1140 205 1210 Qui
224 1145 403 1214 respuentes
426 1144 526 1198 terrea
681 1136 841 1212 Trophaea
867 1153 955 1196 mura
982 1137 1154 1211 pangimus,

151 1224 289 1284 Perducis
314 1225 352 1282 ad
377 1225 531 1284 coelestia.
682 1223 811 1300 Ignosce
834 1221 916 1298 quod
936 1220 1149 1296 deliquimus·

408 1344 455 1400 'l'u
477 1343 571 1401 vincis
593 1344 673 1400 inter
694 1343 844 1418 Martyres

345 1429 382 1488 10
404 1428 560 1486 Parcendo
584 1428 815 1496 consessoribus,

410 1513 456 1572 Tu
478 1516 564 1572 vince
587 1519 691 1570 nostra
714 1507 844 1581 crimina,

408 1601 549 1677 Largitur
571 1599 782 1676 indulgentiae.

409 1721 472 1778 Deo
494 1721 575 1795 patri
597 1721 635 1778 sit
658 1721 753 1794 gloria
776 1724 833 1776 etc.

166 1839 197 1896 In
221 1837 376 1897 schedulis
398 1841 638 1914 manuscriptis,
661 1857 740 1915 quae
763 1837 883 1896 additae
907 1843 977 1894 suut
998 1837 1073 1895 libro
1096 1837 1156 1894 No·

95 1923 295 2001 rimbergensi,
324 1925 453 2000 hymnus
476 1927 518 1982 ita
541 1925 683 1983 dilatatus
707 1930 770 1994 est,
793 1929 827 1980 ut
849 1922 1093 1980 accommodatus
1116 1924 1157 1980 sit

95 2007 318 2068 Protestantium
338 2009 503 2069 doctrinae.
985 2003 990 2015 ’

147 2129 206 2188 Rex
228 2132 362 2208 gloriose
385 2136 549 2205 martyrum
683 2131 750 2188 Non
772 2127 868 2187 fidunt
891 2130 953 2186 suis
976 2129 1103 2196 meritin

148 2232 256 2274 corona
280 2217 492 2285 confitentium,
685 2215 741 2274 sed
755 2215 820 2274 sola
838 2221 891 2272 tua
906 2216 1004 2290 gralia

148 2303 195 2377 qni
218 2319 252 2360 es
271 2303 306 2359 in
328 2308 359 2360 te
382 2301 566 2360 credentium
684 2305 854 2378 agnoscunt
877 2317 909 2358 se
931 2302 1096 2375 persistere

146 2389 200 2456 via,
223 2390 288 2446 vita
311 2393 341 2444 et
363 2389 483 2446 veritas.
620 2388 661 2447 20
682 2391 712 2445 in
734 2389 826 2445 tantis
849 2387 1039 2444 cruciatibus.

111 2505 127 2564 0
147 2506 256 2564 Aurem
279 2507 440 2583 benignam
458 2509 597 2591 protinus
685 2509 733 2564 Sic
757 2503 942 2564 cohaeredes
965 2504 1067 2582 gaudii

147 2610 264 2668 appone
289 2595 399 2653 nostris
422 2594 571 2668 precibus,
686 2598 755 2650 sunt
777 2594 952 2666 passionum
974 2593 1057 2660 socii,

148 2684 210 2735 esto
233 2679 322 2736 nobis
344 2679 505 2754 propicius,
685 2685 716 2735 et
737 2677 870 2736 membra
892 2677 995 2740 dolent
1016 2677 1130 2752 pariter

146 2765 269 2838 ignosce
294 2763 376 2839 quod
399 2763 585 2840 deliquimus.
686 2763 820 2838 exemplo
837 2779 892 2820 suo
913 2763 942 2830 (l.
960 2760 1016 2829 sui)
1040 2761 1157 2836 capitis.

30 2927 33 2938 .
146 2881 190 2940 Tu
212 2885 309 2942 vincis
332 2886 362 2940 in
388 2884 569 2958 martyribus
621 2885 661 2943 25
685 2883 863 2958 Quicunque
886 2900 957 2941 vere
979 2883 1023 2958 pii
1046 2887 1124 2952 aunt,

95 2967 127 3026 10
146 2969 247 3027 mundi
269 2970 396 3028 furentis
419 2971 571 3045 impetum,
684 2970 751 3028 illos
775 2961 894 3044 oportet
921 2965 1037 3044 ingredi

148 3062 176 3111 et
198 3055 296 3112 donas
318 3056 376 3112 illis
400 3057 528 3112 animum
683 3073 739 3130 per
761 3073 866 3112 cruces
890 3060 920 3111 et
946 3055 1101 3112 molestias

63 3175 67 3180 -
147 3145 337 3200 constantem
359 3143 388 3198 in
410 3140 560 3218 periculis.
683 3143 713 3198 in
735 3142 815 3199 vitae
843 3145 983 3200 aeternae
1012 3139 1156 3216 requiem.

146 3259 235 3318 Velut
256 3262 374 3318 infirma
395 3262 519 3320 vascula
685 3261 838 3320 Debentur
859 3261 923 3320 Deo
946 3261 1072 3335 gratiae,

146 3346 223 3403 ictus
238 3347 319 3404 inter
330 3345 466 3421 lapideos
623 3347 663 3404 30
686 3345 767 3422 quod
789 3345 912 3404 verbum
936 3346 983 3402 sui
1005 3345 1058 3412 lilii

93 3425 126 3484 15
146 3429 287 3489 videntur
310 3433 404 3490 sancti
428 3435 584 3506 martyres,
687 3433 842 3488 confirmat
864 3433 893 3486 in
920 3429 1102 3504 martyribus

147 3516 200 3573 sed
223 3517 285 3574 tide
308 3517 416 3574 durant
437 3517 562 3574 sortiter.
685 3517 797 3575 virtute
821 3515 923 3572 Sancti
946 3515 1085 3589 Spiritus.

326 3663 329 3668 ·
392 3637 455 3693 Deo
478 3639 558 3712 patri
578 3637 620 3696 sit
641 3637 738 3711 gloria

393 3724 517 3800 eiusque
542 3721 691 3790 collidis,

326 3808 365 3866 35
390 3825 457 3864 cum
480 3807 593 3882 Spiritu
614 3809 767 3881 paracleto

391 3899 421 3950 et
443 3909 521 3950 nunc
545 3898 575 3949 et
597 3894 626 3949 in
648 3898 835 3968 perpetuum.
894 3899 897 3904 '

266 4101 489 4172 'Sanctorum
509 4089 649 4172 'maius
676 4105 807 4198 inclyta
825 4105 969 4191 caudis.

181 4205 270 4260 Thes.
289 4205 311 4259 l.
329 4223 356 4274 p.
374 4207 432 4260 203.
468 4206 500 4264 In
519 4205 664 4262 Communi
682 4207 868 4262 Plurimorum
886 4207 1051 4276 Martyrum.

167 4319 324 4394 Frequens
347 4325 394 4376 est
416 4319 518 4394 hymni
541 4320 887 4396 commemoratio'apud
907 4321 1099 4378 Hincmarum
1122 4316 1159 4376 de

90 4417 144 4458 non
165 4405 246 4460 trina
274 4404 392 4462 Deitate
422 4424 450 4481 p.
473 4405 536 4464 110
559 4411 591 4463 et
612 4407 642 4464 S.
686 4407 743 4464 Diu
773 4414 819 4464 est
844 4405 1056 4482 quodquidam
1079 4421 1159 4462 occa·
