2732 5026
147 616 239 675 Fallax
260 623 295 675 ut
317 617 357 676 sd
378 617 545 693 patronium
609 619 650 678 so
673 619 750 678 Eunt
765 623 874 690 tecum,
898 637 977 698 quas
993 627 1046 680 tus
1062 629 1146 682 sunt:

146 705 225 778 qussi
246 703 286 761 sd
309 703 486 763 solvendum
500 721 610 779 prope·
673 706 758 781 Eget
779 711 813 764 tu
836 705 1009 765 durissime:

380 795 442 846 rut:
577 825 585 832 -
676 793 826 866 completo
849 795 912 850 eius
935 795 1037 870 passio

31 869 34 878 '
145 870 264 932 dovotus
287 880 402 949 martyr
422 877 453 932 in
475 877 581 950 poenis
676 875 794 935 devicto
807 877 908 935 hoste
930 877 1046 936 callido.

92 956 125 1016 23
144 966 203 1016 orat
222 977 262 1018 no
284 961 446 1018 artioribus

142 1077 220 1136 Loris
244 1081 379 1138 resolvat
401 1081 508 1156 impius
673 1081 818 1156 Imploret
841 1100 912 1158 ergo
936 1079 1048 1139 meritis

70 1181 99 1211 ἰ
141 1162 241 1222 divinis
264 1165 436 1241 indemptus
458 1167 576 1233 morfia,
611 1164 652 1226 30
676 1167 743 1223 Suis
765 1183 820 1242 pro
843 1169 954 1225 nostris
978 1169 1094 1224 actibus

139 1249 225 1307 frater
247 1253 373 1326 instigat
394 1254 506 1328 iurgiis.
673 1253 713 1309 Ut
734 1269 901 1310 mereamur
924 1255 1067 1328 consequi

138 1336 280 1412 iustisque
304 1339 513 1414 querimoniis.
673 1337 784 1396 Sancta
806 1341 836 1395 in
858 1339 916 1396 fine
939 1341 1081 1414 praemia.

275 1531 451 1620 Martyres
475 1553 556 1600 ecoe
584 1533 661 1600 dier
682 1529 872 1617 Itomae„
896 1533 939 1601 R.

248 1651 251 1654 ·
345 1635 428 1687 Thes.
447 1633 468 1686 I.
491 1652 517 1702 p.
536 1636 561 1686 9.
595 1633 631 1687 II.
651 1635 708 1687 381.
744 1633 871 1708 ΙΙΙ.281.

58 1753 59 1757 ’
153 1761 216 1820 Duo
241 1767 358 1820 tantum
382 1769 451 1820 sunt
474 1763 595 1821 codices
617 1763 759 1838 liturgici,
783 1766 812 1818 in
835 1763 943 1838 quibus
956 1755 1077 1820 oarmsn
1099 1765 1143 1819 in·
1232 1793 1234 1802 =

84 1847 217 1922 vestigare
241 1847 314 1905 mihi
337 1849 470 1924 contigit.
516 1851 672 1907 interest
693 1847 931 1905 vindobonensis
954 1868 981 1907 n.
1004 1865 1027 1905 r.
1053 1847 1142 1908 1106.

83 1945 148 1990 saec.
166 1933 355 2001 XH.·(Thes.
378 1934 416 1991 II.
440 1955 468 2010 p.
493 1933 554 2002 XI.)
578 1936 654 1992 alter
676 1935 895 1990 Rhenoviensis
917 1934 966 1992 91.
991 1951 1069 1990 saec.
1092 1932 1142 1988 XI.

47 2059 56 2078 .
82 2013 229 2094 Utriusque
254 2017 408 2077 adjicimus
431 2024 624 2089 varIetatem,
652 2037 706 2076 nec
729 2037 789 2075 non
811 2024 925 2076 textum
946 2037 965 2075 a
986 2020 1033 2076 Du
1054 2017 1142 2074 Moril

81 2099 99 2156 Ι.
117 2121 142 2176 p.
166 2106 224 2162 118
250 2123 294 2180 sq.
317 2112 481 2180 receptum.
919 2109 921 2113 ’

153 2189 179 2248 3.
204 2191 239 2246 R.
263 2207 333 2267 qua
357 2193 430 2249 sibi
451 2193 622 2250 Christus
646 2179 744 2248 eam(
773 2191 800 2249 5.
825 2191 859 2246 R.
882 2189 989 2248 saoIe.
1036 2187 1139 2246 1112.

81 2269 141 2330 hio.
192 2274 240 2333 15.
269 2277 304 2334 D.
333 2277 475 2334 laetior
504 2277 589 2335 inde
625 2279 821 2354 magisque
851 2276 1033 2351 flagrans.
1077 2275 1142 2332 uos

81 2358 221 2418 ne'cesst'to's
242 2362 281 2419 do
303 2364 437 2436 rhythmo
458 2383 530 2421 trous
550 2371 600 2420 oni
619 2363 679 2434 soit
694 2363 829 2438 pre'se'rer
852 2365 880 2419 Io
903 2364 983 2437 leoon
1006 2362 1058 2418 des
1072 2361 1140 2418 Boo

81 2445 216 2515 landt'stes,
240 2448 392 2522 quoiqu'on
409 2456 509 2506 trouve
524 2449 596 2506 daos
620 2450 661 2506 les
677 2450 865 2505 manuscrits:
887 2447 977 2504 indo
1000 2447 1140 2522 gavisu

79 2545 109 2586 m.
130 2550 155 2607 q.
178 2533 206 2589 fl.
251 2533 291 2590 Ut
313 2533 497 2591 concedatur
510 2535 658 2591 Damasus
682 2535 820 2590 carminis
843 2539 957 2601 auctor,
980 2549 1017 2589 ea
1040 2537 1139 2588 aetate

11 2641 13 2684 ss
79 2615 103 2670 iu
122 2617 273 2691 hymnario
294 2625 450 2694 receptum
473 2625 529 2687 est,
553 2637 613 2695 qua
634 2621 719 2694 leges
747 2621 889 2676 metricae
920 2617 1139 2676 obsoleverant.

11 2733 12 2736 ¹
78 2701 121 2760 2⁰.
141 2702 175 2760 R.
198 2722 285 2781 ergo
308 2711 461 2780 premat.
506 2705 556 2764 21.
578 2705 611 2761 R.
634 2705 786 2762 renitet.
831 2705 880 2763 22.
905 2705 938 2760 V.
964 2701 1140 2778 supplies

77 2785 265 2848 Dominum.
311 2791 345 2848 D.
374 2793 506 2867 rogita
535 2793 700 2849 Domino
747 2789 825 2847 (lette
853 2791 990 2846 violacium
1013 2787 1063 2859 dos
1086 2789 1140 2844 lois

78 2871 113 2943 de*
127 2875 153 2930 Io
174 2879 347 2950 qrammoire
364 2897 442 2954 poor
457 2879 590 2934 observor
612 2879 699 2933 celles
721 2875 759 2932 du
774 2874 906 2948 rhythmo
922 2892 1035 2950 protove
1057 2871 1141 2929 dune

77 2963 192 3018 montore
214 2965 343 3038 positive
372 2983 427 3036 que
456 2965 485 3022 la
514 2963 585 3019 rime
615 2981 651 3019 eo
679 2960 750 3018 citati
771 2979 827 3018 one
844 2962 945 3036 partie
967 2959 1139 3016 essentielle.

78 3042 142 3102 Vide
172 3065 247 3124 quae
278 3043 486 3106 adnotavimus
515 3049 545 3104 in
572 3047 661 3104 Thes.
708 3047 757 3106 24.
779 3045 813 3101 R.
843 3045 986 3103 foveat.
1030 3043 1080 3103 27.
1103 3040 1138 3100 R.

78 3145 166 3188 nuno
187 3133 289 3191 Deus
312 3152 418 3191 unus,
455 3132 507 3190 D.:
531 3133 610 3191 Nous
625 3140 765 3190 omettoos
779 3151 835 3188 une
858 3131 990 3187 dormire
1011 3131 1138 3206 strophe,

78 3232 126 3286 que
146 3235 215 3275 trous
236 3239 274 3276 ne
289 3238 412 3294 croyoos
428 3239 487 3296 pas
503 3219 538 3276 de
553 3222 632 3276 roim
647 3219 771 3275 Damaso
778 3237 789 3284 ,·
812 3219 854 3274 les
877 3217 931 3274 lois
947 3217 985 3272 du
1007 3217 1140 3289 rhythmo

78 3299 118 3372 n’y
137 3312 200 3361 sont
214 3325 273 3380 pos
301 3304 464 3374 obsutum,
496 3313 526 3362 et
554 3305 662 3378 Iusoqe
691 3303 726 3360 de
742 3298 894 3359 'lermmer
917 3305 958 3360 les
981 3301 1082 3358 chortis
1104 3320 1140 3358 en

17 3443 23 3452 ,
78 3373 93 3440 ἴ
94 3385 215 3446 honneur
237 3391 288 3447 des
310 3393 404 3448 satos
426 3409 485 3466 por
509 3389 680 3447 Iadoration
710 3389 747 3445 du
770 3389 860 3456 Poro,
894 3385 932 3442 du
960 3387 1021 3443 Fos
1051 3394 1081 3443 et
1102 3387 1139 3442 du

80 3469 275 3550 Sator-Esprit‚
299 3494 335 3532 ne
350 3477 449 3540 devint,
461 3475 578 3551 qo'otrol
599 3493 654 3548 que
671 3473 822 3546 lorsqu’ils.
836 3475 982 3530 servirent
1003 3491 1040 3528 ao
1064 3473 1140 3529 culte

77 3554 155 3613 divin.

237 3719 285 3792 Ul
306 3726 439 3810 queunt
459 3723 552 3790 laxis
580 3740 756 3790 resonare
775 3717 888 3804 fibris.
931 3715 975 3784 R.

320 3823 404 3878 Thes.
421 3823 443 3876 Ι.
466 3841 492 3892 p.
511 3823 569 3880 209.
604 3823 639 3876 Π.
664 3823 721 3876 383.
756 3819 806 3874 III.
824 3821 884 3876 236.

152 3934 179 3994 7.
202 3935 377 4013 gerendi.
424 3938 471 3996 13.
494 3936 692 3995 recubans
716 3934 865 4002 cubiti,.
888 3937 921 3990 ut
945 3932 1010 3990 cod.
1034 3932 1138 3990 Monu-

78 4021 165 4082 censis
190 4022 237 4080 16.
262 4040 341 4080 soso.
364 4022 443 4080 XIII.
492 4023 539 4082 17.
560 4022 728 4080 modicis
752 4021 820 4078 sub
843 4020 965 4077 annis.
1009 4019 1058 4078 23.
1083 4023 1140 4076 est

77 4098 182 4164 latex.
223 4107 422 4168 25.vates.
468 4107 517 4167 37.
542 4113 745 4188 certetur.
854 4143 858 4157 .

141 4199 177 4252 13.
195 4198 241 4254 Os.
259 4193 306 4254 Os.
324 4199 354 4252 P.
373 4201 555 4254 recubans.

153 4293 267 4354 Primae
291 4296 456 4372 Strophso,
478 4296 664 4353 ut'musioes
687 4295 791 4370 peritis
814 4295 1004 4370 placeamus,
1028 4289 1140 4348 adscri-

78 4370 169 4436 bimus
182 4397 217 4438 ex
229 4383 384 4442 Vilseekor
398 4382 498 4440 Lohre
514 4380 568 4439 des
583 4381 766 4438 Romischsu
782 4381 1044 4455 Choralgesongos
1058 4394 1087 4450 p.
1104 4375 1138 4434 9:

886 4471 936 4524 11*
