2848 5030
208 633 312 692 lldieto
335 615 505 692 Maximiani
665 635 667 643 '
742 634 947 702 Denudentur,
970 635 1168 711 flagellantur,

208 721 359 778 inhumani
377 715 414 776 'et
435 722 548 788 vesani,
683 761 686 770 .
742 725 846 778 eenote
869 721 991 778 eenibus
1018 721 1175 792 donentur,

207 807 308 863 oeeieo
329 806 479 873 mauritio,
740 807 892 880 pretiosae
914 809 1094 882 margaritae

208 892 278 948 dum
293 893 424 953 nesciret
438 891 510 947 urbe
526 891 678 967 Turegum
743 894 860 966 spurcis
882 894 984 966 porois
1005 910 1064 950 non
1086 889 1197 951 in'vitee
1300 901 1305 906 “

59 1001 64 1018 =
145 973 183 1036 15
206 978 283 1034 serre
304 979 408 1052 iugum
429 977 512 1052 regis
531 994 638 1053 regum
677 977 718 1036 15
741 981 897 1051 rumpente
919 978 1054 1038 feliciter.

88 1136 92 1142 .
206 1061 345 1138 P¹²⁹⁸id⁰
369 1061 424 1130 ⁸³¹b
446 1063 558 1122 nem
742 1092 823 1166 Quos
846 1114 898 1154 rex
922 1093 997 1156 coeli
1019 1097 1105 1156 Iesus
1129 1097 1199 1159 mite

205 1181 243 1242 Hi
265 1179 398 1240 Thebaei
421 1185 516 1239 testes
539 1181 602 1250 Dei,
740 1188 829 1240 vocet
851 1179 969 1240 dicens:
992 1181 1052 1239 hue
1075 1180 1175 1242 venite

207 1283 284 1343 quae
308 1271 377 1324 sunt
399 1268 464 1336 Dei,
487 1265 616 1326 reddunt
639 1270 675 1336 ei,
740 1267 890 1326 benedieti
912 1270 1006 1344 petris
1029 1271 1096 1336 mei,

206 1353 276 1410 fidei
298 1353 467 1427 praeconia,
743 1347 802 1429 quo
824 1356 958 1430 regnetis
980 1359 1014 1410 ut
1035 1355 1137 1412 invicti

142 1439 184 1500 20
207 1431 359 1513 eaptiyet'i.
384 1441 538 1512 carcerati,
587 1450 589 1454 ’
680 1439 721 1499 50
744 1457 810 1496 eum
834 1441 945 1497 sanetis
968 1441 1147 1514 perenniter.

207 1523 261 1581 sed
283 1526 385 1582 invicti
409 1530 478 1582 sunt
500 1525 602 1582 afflicti

56 1667 66 1682 ,
173 1610 315 1686 -longa'e
337 1609 423 1666 samis
445 1609 579 1693 taedio!
692 1561 838 1620 'Instat
860 1558 983 1635 tandem.
1000 1560 1085 1616 11101
1108 1558 1199 1628 disne

721 1647 855 1720 vprofert
878 1644 944 1702 duri
967 1644 1066 1702 cordis
1089 1646 1180 1714 virus,

206 1730 244 1786 Et
266 1727 335 1785 dum
357 1735 478 1786 manent
499 1728 645 1798 indeflexi,
740 1731 854 1799 iubens,
877 1736 911 1786 ut
933 1731 1022 1787 electi
1043 1731 1099 1787 Dei

205 1819 290 1872 rotae
312 1815 381 1872 ferri
405 1826 475 1871 sunt
496 1815 602 1883 inflexi,
707 1851 712 1858 ·
740 1821 915 1874 truncentur
943 1815 1104 1890 capitibus;

143 1899 183 1960 25
208 1899 360 1958 stridentis
382 1900 511 1957 incendii

205 1986 348 2042 bulliente
375 1983 593 2059 perfunduntur

205 2071 337 2146 plumbo,
353 2073 430 2146 piee,
446 2089 501 2128 nee
517 2065 677 2129 laeduntur

207 2154 257 2226 [vi]
283 2159 358 2213 tanti
381 2158 527 2232 supplicii.

679 1935 718 1994 55
743 1935 800 2006 Qui
823 1935 951 1992 truncati
975 1942 1175 2004 surrexerunt,

742 2022 819 2077 ulnis
844 2021 944 2094 eapite
966 2019 1098 2076 tulerunt

741 2108 771 2163 in
794 2109 1001 2181 argumentum
1023 2103 1092 2162 fidei

742 2191 941 2267 quadraginta
963 2191 1111 2265 passibus.

205 2293 294 2350 Videt
316 2299 412 2350 tortor
434 2299 465 2350 et
487 2293 624 2362 tebescit,
740 2311 809 2368 lesu
831 2311 918 2378 bone,
943 2309 980 2366 da
1002 2327 1147 2388 pugnare,

142 2380 183 2438 30
205 2377 286 2456 quod
294 2381 340 2436 vis
348 2380 425 2454 ignis
438 2395 553 2454 poenas
567 2381 718 2457 nescitssp
740 2395 860 2453 fraudes
883 2395 980 2453 hostis
1008 2413 1150 2472 superare

205 2469 313 2522 ennete
336 2469 458 2538 stupent
481 2466 613 2534 seeeula;
740 2483 829 2539 huius
852 2484 931 2542 virae
955 2481 1061 2550 stadio,

206 2567 344 2626 quaeque
367 2553 437 2608 111111
459 2551 622 2618 acerbum,
740 2570 831 2625 vitem
853 2573 987 2624 nostram
1008 2567 1147 2645 regulare
1257 2569 1259 2577 ⁴

205 2636 293 2692 11111111
316 2635 372 2692 Sibi
395 2633 528 2692 dulciOPa
740 2654 937 2730 Reguleeque
961 2653 1147 2710 conformare

208 2721 270 2778 lore
293 2722 402 2777 elamat
424 2721 547 2796 Regula.
742 2739 780 2796 da
804 2741 867 2796 eius
891 2739 1041 2813 suffragio,

144 2855 183 2917 35
199 2857 318 2926 Hostes,
328 2857 435 2932 quibus
445 2857 716 2932 quaerebantur,65
740 2859 857 2916 Sortem
880 2857 918 2914 da
939 2859 1091 2916 felicitatis

205 2933 315 3011 vident,
340 2941 394 3000 sed
416 2961 477 2999 non
499 2943 677 3001 videbantur
741 2963 796 3018 per
817 2945 944 3012 felicem,
969 2961 1036 3000 eum
1057 2942 1154 3002 beatis

204 3029 302 3085 caeeis
324 3045 379 3102 per
396 3031 547 3095 acrisium,
738 3033 828 3105 iunge
850 3048 904 3088 nos
927 3025 1062 3097 feliciter,
1082 3062 1089 3077 ·

205 3119 312 3188 sponte
335 3119 435 3170 temen
458 3131 490 3172 se
518 3114 673 3184 dederunt,
739 3116 786 3172 sae
808 3120 843 3172 ut
864 3119 965 3173 tecum
987 3115 1149 3190 gloriemur

204 3201 282 3274 lupis
306 3217 378 3257 oves
402 3200 583 3269 obtulerunt,
742 3198 931 3277 iocundeque
954 3202 1191 3276 contemplemur

139 3285 182 3343 10
201 3285 323 3342 »Christo
348 3283 468 3360 dignam
489 3286 628 3344 hostiam.
680 3287 721 3344 70
744 3292 774 3343 te
797 3287 1046 3362 praesentialiter.

224 3404 314 3461 Mone
337 3404 387 3464 111.
410 3424 437 3480 p.
461 3405 532 3464 294.
563 3405 611 3464 28.
635 3404 717 3462 addit
739 3407 781 3464 vi.
825 3405 875 3464 45.
898 3409 1138 3480 rumpuntur.
1161 3405 1234 3464 48.‘

140 3491 271 3564 petris
294 3493 366 3550 mei
388 3489 600 3548 benedieti.
1202 3520 1219 3530 κ

229 3761 295 3820 151.
322 3751 479 3830 [Laudes
502 3754 622 3820 erucis
651 3755 862 3821 attollamur.
907 3742 1168 3830 resurrect

202 3881 291 3942 Thes,
314 3881 350 3938 11.
373 3901 402 3956 p.
426 3881 473 3940 78.
491 3881 560 3940 385.
604 3882 698 3939 Neale
721 3882 800 3940 Med.
817 3883 933 3958 Hymns·
953 3901 981 3958 p.
1005 3881 1061 3940 tto:
1087 3883 1134 3940 tte
1156 3902 1213 3940 ma·

138 3970 282 4042 sterpieoe
304 3969 342 4040 of
357 3969 446 4024 Adam
470 3969 508 4040 of
525 3969 553 4024 S.
575 3969 689 4026 Victor.¹
725 3967 858 4026 Contulit
873 3967 1005 4036 Neelius,
1029 3971 1063 4026 ut
1085 3967 1214 4024 addetur

139 4051 294 4108 Thesauro
319 4053 444 4127 amplior
471 4055 592 4110 testium
622 4071 780 4121 numerus,
818 4053 943 4110 Missale
975 4053 1210 4122 Serisburiense‚

139 4136 367 4206 Ratisbonense,
398 4137 622 4212 Moguntinum,
653 4139 855 4214 Aquileiense.
904 4139 928 4198 1.
951 4139 979 4197 1.
1003 4139 1030 4198 5.
1054 4139 1082 4198 0.
1100 4141 1212 4196 omissa

139 4223 169 4278 ir'r
193 4223 221 4281 S.
245 4224 273 4282 2.
297 4223 325 4282 S.
348 4225 480 4297 pulset
502 4226 647 4282 eoelos.
689 4225 720 4283 0.
742 4226 773 4282 S.
797 4227 857 4300 qui
879 4241 949 4300 per
971 4241 1134 4282 erucem.
1159 4229 1211 4280 to·

139 4307 221 4364 tius
242 4310 389 4383 populi.
439 4309 466 4369 0.
498 4325 563 4385 per
593 4327 703 4386 quem
733 4310 840 4369 siler.
886 4309 913 4370 0.
944 4301 1001 4368 oin.
1033 4310 1061 4368 e
1109 4309 1156 4382 12.
1180 4309 1210 4370 S.

83 4433 86 4440 ,
124 4391 293 4470 ⁵signum
314 4399 355 4454 tr.
379 4394 461 4471 quod
481 4402 597 4455 reotum
617 4399 707 4472 putet
727 4395 859 4456 Neelius.
907 4396 1211 4456 11101ιί0100-
