2788 5024
500 653 529 712 7.
544 653 600 710 llla
622 653 676 710 sed
697 655 878 729 repudiarit,

541 737 669 807 laudern,
693 739 751 797 deu
773 742 969 816 assignavit,-

541 825 660 900 quando
687 828 814 900 supplex
842 823 1014 884 decahtavit

541 915 703 968 contexens
725 912 908 988 Magnificat.

541 996 679 1054 Clemens
700 999 785 1072 virgo
808 1003 901 1072 atque
923 999 982 1070 pia,

542 1087 576 1138 tu
598 1099 652 1138 nos
675 1083 752 1150 fove,
776 1101 794 1138 ο
816 1083 920 1150 Maria,

541 1172 646 1242 partus
668 1185 797 1244 namque
819 1170 863 1226 tui
886 1169 957 1244 qnia

543 1252 607 1308 sola
630 1271 701 1328 spes
724 1255 862 1314 uivitlcat

336 1387 438 1444 Mune
461 1387 497 1446 ΙΙ.
520 1407 548 1462 p.
575 1390 641 1447 124.
687 1389 750 1456 (Hs.
773 1408 810 1446 an
832 1389 964 1447 Admont
989 1389 1035 1448 15.
1057 1391 1162 1448 Jahrb.
1185 1387 1228 1456 l.)
1252 1389 1297 1444 Ne

252 1473 345 1548 glexit
367 1474 399 1530 V.
423 1474 458 1530 D.
483 1475 661 1548 scripturam
683 1475 803 1532 Nealii
826 1477 908 1550 Seqt.
932 1495 960 1549 p.
987 1477 1055 1534 128.
1081 1477 1223 1534 eMissali
1243 1475 1302 1530 Pro·

251 1559 336 1634 gensi
362 1557 450 1618 1522.
472 1557 506 1614 Ρ.
529 1587 572 1596 -
590 1562 615 1616 l.
641 1561 675 1615 A.
698 1562 777 1617 male
799 1563 952 1618 interserit
972 1563 1051 1618 inter
1073 1564 1199 1636 primum
1219 1566 1246 1616 et
1264 1577 1299 1614 se·

253 1643 381 1700 cundum
411 1645 592 1702 versiculum
620 1651 686 1702 tua
715 1648 1021 1704 intercessione.
1051 1647 1088 1702 A.
1133 1648 1191 1704 Μο.
1221 1645 1299 1706 dulci

252 1731 334 1787 oris.
380 1729 407 1787 2.
430 1729 463 1785 P.
486 1730 720 1803 quodmater
739 1733 846 1806 petit.
891 1731 919 1790 3.
941 1733 976 1788 A.
1000 1733 1144 1789 veniret
1166 1730 1300 1806 qnod-
1360 1719 1363 1806 l

252 1816 367 1870 omnis
398 1815 549 1890 gloriae.
599 1817 627 1874 al.
651 1816 684 1872 P.
716 1823 837 1872 natum
868 1819 957 1874 sine.
1001 1817 1029 1874 5.
1057 1817 1093 1874 A.
1123 1815 1299 1876 vivuscel
1361 1821 1363 1890 j

252 1899 334 1974 quod
363 1900 421 1956 Μο.
452 1901 517 1956 iure
554 1900 636 1957 ducit
665 1903 814 1958 vitiosum.
857 1902 891 1958 P.
915 1904 1194 1978 circumplexat.
1234 1901 1258 1960 6.
1276 1900 1300 1955 P.
1362 1927 1363 1968 ι

251 1986 436 2060 insignita.
468 1984 503 2043 A.
532 1987 631 2045 clam.
662 1989 789 2044 veteri.
821 1987 853 2043 P.
878 1990 980 2050 casti.
1024 1989 1052 2045 7.
1081 1987 1112 2046 P.
1147 1987 1300 2044 exoravit

252 2069 452 2128 detcxcns.
477 2069 511 2126 Α.
536 2079 673 2145 partus
703 2091 866 2148 namque
897 2076 952 2131 tis
981 2074 1045 2142 (cis)
1073 2093 1142 2132 nos
1170 2075 1258 2148 quia.
1275 2069 1299 2124 P.

250 2162 381 2230 partus
404 2150 677 2232 namque'tuus
699 2177 768 2214 nos
801 2161 901 2234 quia.
947 2161 1007 2218 Μο.
1042 2177 1204 2234 namque
1232 2157 1300 2222 scis,

250 2259 318 2297 nos
342 2243 440 2318 quia
476 2243 576 2318 Magis
592 2244 694 2318 placet
709 2243 805 2302 Nealii
822 2245 995 2304 coniectura
1016 2247 1046 2302 in
1061 2250 1178 2302 textum
1192 2247 1300 2315 recepta

334 2583 404 2644 538.
431 2573 673 2656 [Uelabrensem
695 2577 733 2642 ia
754 2575 821 2644 huc
849 2577 916 2644 dte.
960 2585 994 2642 In
1020 2587 1259 2646 visitatione
1277 2583 1302 2638 B.

248 2669 282 2727 V.
327 2669 450 2727 Neale
473 2670 542 2746 Seq.
565 2689 593 2746 p.
620 2672 687 2766 121.
711 2689 728 2727 e
751 2671 869 2728 Missali
892 2665 1131 2743 Sarisburiensi.]

275 2825 300 2882 l.
316 2823 508 2881 Celebremus
531 2825 561 2880 in
583 2824 640 2880 hac
664 2823 712 2881 die
808 2825 836 2883 4.
852 2825 887 2882 In
908 2827 1031 2882 introitu
1050 2825 1175 2893 Mariae,

313 2909 434 2966 Festum
458 2909 564 2966 domus
587 2909 751 2966 Zachariae
850 2910 973 2968 Plenam
995 2915 1119 2966 matrem
1146 2908 1304 2985 prophetiae

334 2993 487 3051 Laudibus
510 2995 651 3062 laetitiae,
872 2997 999 3070 Spiritus
1022 2997 1184 3054 illuminat:

313 3079 558 3154 Contemplemur
578 3079 618 3136 ibi
649 3086 783 3155 gestum:
851 3081 1026 3138 Consortata
1053 3084 1195 3156 genitum,

312 3165 353 3222 Ut
375 3163 412 3220 de
436 3169 523 3239 gestu
545 3165 598 3222 fiat
624 3167 743 3234 festum,
852 3167 1004 3223 Roborata
1031 3167 1164 3224 debitum

332 3249 395 3308 Iam
418 3249 523 3308 domus
545 3249 707 3310 Ecclesiae.
868 3252 950 3310 Felix
970 3270 1079 3328 parens
1103 3253 1247 3308 terminat.

269 3405 297 3465 2.
312 3403 427 3464 Thema
448 3405 506 3462 iam
534 3405 739 3474 solemnitatis,
806 3405 833 3464 5.
850 3406 930 3482 Ergo
953 3407 1022 3464 festi
1044 3405 1121 3462 hanc
1151 3405 1305 3462 auctricem,

311 3491 458 3568 (lopicsae
488 3492 629 3560 caritatis,
847 3491 953 3550 Lauda
974 3493 1029 3548 Dei
1053 3493 1243 3566 genetricem,

333 3577 435 3634 Gratia
457 3577 607 3632 recolitur.
823 3610 825 3615 ·
871 3579 952 3651 Syon
976 3595 1011 3634 cx
1032 3576 1226 3651 praecordiis.

311 3661 376 3732 Qua
398 3661 553 3720 Elizabeth
575 3661 673 3730 beata,
847 3661 999 3738 Quidquid
1022 3661 1105 3720 dicas
1129 3662 1166 3719 de
1181 3659 1303 3731 benigna

311 3748 472 3806 Senectute
494 3745 684 3815 foecundata,
793 3801 802 3806 ,
849 3749 947 3806 Minus
972 3753 1019 3806 est
1041 3765 1059 3804 a
1080 3747 1169 3829 laude
1193 3745 1283 3820 digna

332 3833 511 3908 Suscepisse
536 3834 671 3890 sentitur.
843 3897 846 3905 ¹
869 3833 985 3892 Debitis
1007 3831 1185 3908 praeconiis.

269 3989 296 4048 3.
313 3985 401 4044 Orbis
425 3991 506 4044 totus
530 3987 712 4062 gratuletur:
781 4005 783 4008 ·
808 3987 836 4046 6.
853 3987 1006 4044 visitatrix
1027 3989 1057 4044 in
1078 3987 1234 4049 montanis,

310 4073 388 4130 Toto
411 4072 501 4130 corde
524 4077 685 4130 veneretur
848 4073 1002 4130 visitatrix
1022 4075 1052 4129 in'
1074 4073 1122 4130 his
1143 4071 1248 4146 planis,

330 4158 433 4216 Dulcis
455 4159 595 4224 visitatio.
872 4159 919 4215 Sis
942 4159 1044 4216 matris
1066 4157 1232 4214 Ecclesiae:

303 4243 783 4318 Compassivicordisbenignitas,
848 4242 999 4302 Medicina
1021 4243 1199 4306 Christiana,

303 4331 456 4388 Excessivi
481 4334 579 4386 status
602 4330 766 4398 humilitas,
853 4327 941 4397 Quod
962 4347 1021 4385 nou
1036 4327 1117 4386 *valet
1132 4329 1176 4383 vis
1191 4325 1304 4380 humana

332 4417 426 4476 Sacra
449 4415 624 4472 consolatio.
870 4413 937 4472 Fiat
959 4413 1037 4472 dono
1060 4415 1183 4490 gratiae.
