2772 5024
40 694 43 698 ¹
79 625 168 682 ritione
195 629 224 680 et
250 623 457 698 purificatione
479 621 593 680 Mariae
625 621 773 698 sequioris
803 623 868 680 aevi
898 639 980 691 esse,
1011 623 1123 682 saeculi

79 711 135 766 noni
153 709 198 767 vel
219 709 335 766 decimi.
378 709 485 784 Itaque
508 727 568 765 non
589 708 715 766 idonens
739 713 799 777 est,
823 710 874 784 qui
896 707 1123 766 Ambrosianam

80 796 195 853 carminis
222 796 395 870 prosapiam
428 785 569 852 ostendat
602 799 715 852 certam
746 795 795 852 vel
823 793 899 851 adeo
928 793 1121 869 probabilem.

79 880 196 948 Accedit,
226 879 309 956 quod
332 879 456 938 subinde
485 885 645 955 peccatum
674 885 722 936 est
744 885 849 938 contra
874 879 1060 954 prosodiam,
1090 885 1124 937 ut

78 971 145 1024 recte
158 965 335 1024 adnotarunt
348 966 485 1022 Maurini.
529 966 664 1041 Denique
687 963 827 1040 displicet
841 966 1039 1040 incomposita
1055 981 1124 1022 oan-

79 1053 168 1108 tilenae
187 1053 263 1108 ratio
287 1057 319 1108 et
339 1053 557 1108 sententiarum
576 1051 649 1108 ordo
665 1050 812 1110 turbatus.
856 1051 896 1110 Ut
909 1051 981 1108 mihi
995 1050 1123 1120 videtur,

79 1136 207 1194 Thomasii
229 1153 350 1194 carmen
372 1143 420 1196 cst
441 1137 585 1204 mutilum,
609 1137 729 1194 maioris
744 1137 846 1212 hymni
861 1137 1070 1212 fragmentum,
1094 1142 1125 1194 ct

78 1221 178 1298 quidem
198 1221 389 1297 alphabetici.
433 1223 550 1280 Desunt
578 1222 738 1280 nonnullae
764 1223 916 1298 strophae,
939 1225 1125 1297 irrepserunt

78 1307 176 1364 aliunde
197 1309 282 1365 aliae.
327 1307 464 1366 Imitatus
480 1313 527 1366 cst
549 1313 649 1364 autem
663 1313 763 1382 poeta,
786 1311 816 1366 in
830 1308 989 1378 Ambrosii,
1012 1307 1126 1366 Sedulii

79 1399 102 1450 et
122 1394 268 1451 Fortunati
300 1393 480 1451 carminibus
508 1393 586 1450 bene
616 1399 767 1462 versatus,
805 1393 978 1452 abedarium
1006 1409 1125 1450 carmen

25 1541 33 1550 ,
78 1478 181 1536 Scdulii:
210 1480 369 1536 nonnullas
390 1469 542 1554 ¹strophas
572 1477 609 1545 (v.
627 1479 740 1539 5-12
764 1477 901 1546 21-24)
924 1498 940 1536 e
963 1478 1125 1538 Prudentio

78 1563 222 1622 Cathemer.
245 1565 304 1622 XII
325 1565 495 1625 aur—2⁰8
517 1565 713 1640 transcripsit.

144 1668 222 1725 Haec
244 1669 365 1741 scripsi:
388 1669 447 1725 iam
470 1667 603 1724 adfertur
617 1667 713 1724 Nealii
734 1667 819 1735 liber,
843 1685 902 1743 quo
924 1669 1035 1724 multos
1051 1664 1125 1724 Are·

77 1752 132 1810 ralii
149 1753 274 1828 hymnos
298 1755 461 1828 congessit.
507 1753 634 1811 Obviam
661 1755 708 1810 es‘t
730 1769 849 1810 carmen
872 1769 963 1828 supra
986 1755 1125 1828 positum,

77 1836 147 1896 chria
167 1844 212 1896 cst
232 1840 407 1898 Doctissimi
436 1840 498 1896 Viri
528 1840 692 1906 sententia,
723 1856 811 1914 quam
842 1843 909 1894 cuni
931 1844 1035 1896 nostra
1057 1855 1127 1896 con·

77 1921 180 2000 cordarc
202 1923 384 2000 gaudemus:
429 1925 473 1982 De
495 1925 548 1982 too
569 1925 686 1997 hymno,
717 1931 751 1981 ot
777 1925 847 2000 miti
868 1923 980 1997 quidem
1004 1925 1125 1992 videtur,

77 2009 139 2066 laod
155 2014 226 2068 sotis
248 2011 428 2086 disputatum
450 2017 502 2068 cst.
547 2011 621 2068 Eam
643 2011 747 2082 hymno
764 2009 919 2066 Sedhlioao
941 2012 1127 2067 vetustiorem

52 2113 139 2164 -ease,
166 2099 211 2154 cai
232 2096 311 2154 idem
340 2102 386 2152 cst
408 2097 600 2172 principium,
631 2095 767 2152 viderant
793 2096 884 2152 malti.
929 2095 1127 2152 Acrosttolaom

77 2198 129 2238 aero
145 2183 245 2254 faisse,
269 2181 428 2257 oclpoiius
441 2181 647 2248 ABCDorium,
671 2180 839 2254 diliqcota'ras
861 2183 986 2237 intuenti
1002 2181 1124 2256 patebit.

80 2266 124 2321 Via
143 2270 212 2324 enim
234 2285 308 2326 casa
329 2269 396 2339 ficri
412 2274 524 2340 potest,
548 2273 581 2323 ut
601 2267 632 2324 aa
653 2285 755 2324 versas
777 2265 878 2323 ordine
901 2268 1051 2340 teporatur:
1080 2267 1129 2322 Fit
1226 2311 1228 2320 .

72 2357 143 2424 porta
159 2353 262 2411 cariati
281 2355 401 2427 percio:
424 2339 529 2412 Genus
550 2355 670 2427 superrat
685 2353 830 2409 Nominis:
851 2340 958 2409 Honor
972 2352 1077 2410 Matris
1099 2359 1130 2410 et
1189 2343 1192 2351 ⁴

76 2436 204 2509 paudum:
233 2446 264 2497 ct
288 2439 407 2494 iterum:
441 2425 515 2508 Qui,
545 2439 677 2505 Verbum‘,
701 2456 769 2494 coro
788 2439 900 2510 factam
922 2445 995 2495 cst*
1015 2425 1127 2499 florem

77 2521 199 2581 aarum
218 2523 351 2582 aethera.
396 2523 469 2580 Iade
493 2525 683 2598 transpositos
706 2523 851 2596 quosdam,
875 2524 1011 2598 quosdam
1026 2523 1129 2598 perdi·

22 2633 25 2642 .
77 2613 111 2664 ior
127 2610 215 2679 fuisse
236 2627 342 2668 versas
369 2626 426 2666 non
449 2625 523 2666 vana
544 2610 708 2665 suborietur
729 2611 863 2684 suspicio.
908 2609 946 2664 Et
969 2606 1127 2674 Obbarius,

75 2693 170 2750 reiecta
181 2695 331 2752 thesauri
353 2695 502 2751 sententia
523 2692 624 2768 (quarn
645 2692 736 2750 hodie
757 2695 823 2767 ipsc
845 2691 991 2767 improbo)
1014 2698 1127 2760 censet,

75 2775 197 2850 hymnum
219 2797 236 2838 e
258 2780 352 2837 variis
375 2777 510 2854 partibus
534 2796 602 2836 esse
626 2779 824 2853 compositum
845 2797 874 2853 p.
900 2779 971 2837 313.

144 2879 293 2958 Adsignat
313 2881 506 2940 Mozaraburn
528 2881 603 2938 liber
624 2881 767 2955 hymnum
789 2881 866 2938 sesto
881 2877 1127 2938 Annunciationis

76 2963 236 3037 liominicae,
262 2967 338 3033 olim,
347 2965 452 3024 XVIII.
469 2965 625 3025 Deccmbri
649 2965 685 3022 ab
700 2967 842 3041 Hispanis
859 2965 1019 3024 celebrato.
1042 2965 1129 3024 Brev.

79 3049 162 3109 donst.
183 3051 364 3128 praescribit
385 3052 528 3126 hymnum
555 3051 610 3109 Fit
632 3057 737 3126 porta
758 3055 788 3109 in
810 3051 1043 3109 Annuntiatione
1065 3053 1129 3110 Vir-

78 3135 140 3209 ginis
161 3138 197 3195 ad
216 3139 400 3200 Matutinum
423 3137 611 3206 cantandum,
635 3135 737 3194 addita
760 3137 885 3213 stropha
908 3143 1015 3214 quarta
1037 3139 1129 3194 notis-

79 3221 149 3278 sima:
182 3225 280 3282 Maria
301 3225 549 3300 mater'gratiae‚
576 3227 671 3279 mater
693 3221 930 3291 misericordiae,
959 3229 992 3281 tu
1013 3239 1068 3280 nos
1092 3221 1129 3280 ab

79 3303 152 3365 hoste
172 3315 309 3384 protege,
332 3310 362 3375 in
384 3309 459 3366 hora
481 3309 585 3366 mortis
609 3311 737 3383 suscipe.

94 3489 97 3496 ,
147 3427 342 3487 Adscribatur
364 3428 484 3485 Arevali
506 3417 645 3499 cometas.
682 3429 711 3488 2.·
734 3428 923 3503 adusque.
962 3429 990 3485 d.
1014 3431 1131 3486 ortum

78 3507 177 3571 Maria
196 3516 350 3590 virgine.
373 3513 465 3573 5—8.
490 3533 546 3570 om.
580 3515 626 3572 11.
649 3513 709 3570 ubi
731 3513 906 3572 imbecilli
930 3519 965 3570 et
986 3515 1128 3572 mortui.

79 3593 194 3660 ar-lu
217 3619 275 3656 om.
300 3599 349 3658 51.
372 3599 473 3656 alma.
495 3599 544 3658 56.
569 3599 732 3658 damnum
754 3599 926 3656 tenebris.

148 3717 207 3776 lam
227 3736 300 3778 vcro
321 3718 465 3793 hymnum
487 3718 588 3794 quoad
609 3721 673 3777 lieri
694 3720 794 3794 potuit
815 3720 952 3776 relictum
965 3719 1129 3812 lectoribus

78 3814 204 3876 propono.

130 3918 244 3982 Asolis
268 3928 351 3986 ortus
374 3922 495 3982 cardine
592 3921 788 4002 -dEgypte,
812 3923 919 3992 Thrax,
943 3924 1045 3994 Pereo,

150 4007 195 4066 Ad
214 4025 312 4086 usque
335 4014 432 4067 terrae
454 4011 576 4068 limitem
632 4079 636 4086 .
901 4011 1024 4086 Scytha,
1059 4049 1061 4054 -

151 4093 297 4154 Christum
320 4111 460 4152 canamus
483 4097 562 4170 prin·
680 4093 807 4164 Judaea,
823 4095 918 4152 Roma
933 4102 964 4154 ct
980 4097 1107 4155 Graecia

367 4182 463 4255 cipem
682 4181 818 4239 Gaudete
832 4181 975 4259 quicquid
985 4184 1118 4258 gentium

149 4263 254 4324 Natum
275 4267 390 4324 Mariae
412 4267 544 4342 virginis.
681 4266 744 4324 Rex
758 4286 835 4326 unus
855 4269 950 4326 omnis
965 4266 1110 4342 possidet.

145 4381 213 4444 Tres
236 4386 381 4463 strophae
403 4385 520 4444 desunt.
