2822 5026
576 515 581 528 ,
612 429 654 508 tt

116 617 200 674 octavi
224 611 464 672 accommodatus
493 627 561 670 esse
590 612 717 671 ridetur.
768 612 856 682 Quod
888 613 927 670 ad
954 617 1164 686 coniecturam,

115 701 183 757 nullo
203 703 317 757 nomine
332 697 563 766 commendatur,
586 716 641 756 nec
664 698 746 774 quod
762 700 929 774 exemplum
950 699 1037 758 affert
1059 701 1166 777 depra-

114 787 189 844 vatae
210 783 373 860 scripturae
396 803 431 841 ex
452 785 576 858 hymno:
600 785 663 842 Vox
691 801 761 842 ecce
785 785 865 842 clara
888 786 1017 855 intonat,
1046 805 1109 844 rem
1130 789 1165 845 il-

114 873 214 928 lustrat.
250 873 326 928 Nam
340 869 608 927 demonstrabimus
623 871 699 926 infra
720 872 750 926 in
765 871 823 926 hoc
847 872 962 928 cantico
980 871 1164 930 emendando

115 974 216 1014 enasse
241 957 382 1014 Moniurn.
427 955 601 1012 Retinemus
630 957 721 1030 igitur
751 958 928 1030 scripturam
956 963 1107 1014 vetustam
1129 975 1164 1015 ac

113 1043 258 1117 probatam.
308 1042 354 1098 11.
377 1041 418 1096 M.
442 1058 501 1097 me.
539 1039 573 1096 R.
597 1039 637 1096 M.
663 1043 886 1110 consentiat,
915 1059 982 1098 cum
1005 1043 1165 1101 Oxoniensi

113 1145 141 1184 ao
166 1127 397 1184 Darmstadiensi
425 1125 537 1182 codice.
588 1125 693 1202 Neque
725 1144 782 1200 ego
810 1128 976 1201 scripturae
1002 1127 1163 1185 abnuerim.

114 1214 152 1270 ld.
172 1213 209 1269 Μ.
232 1215 343 1287 vigilat,
366 1215 474 1270 stimant
494 1213 539 1284 als
560 1212 709 1268 Assonanz
730 1230 767 1269 zu
788 1215 912 1288 capiam,
936 1233 968 1270 es
989 1215 1082 1272 sollea
1103 1215 1166 1272 siclt

111 1301 168 1355 ater
188 1299 231 1354 14.
255 1299 298 1355 16
320 1300 365 1355 alo
393 1297 568 1364 Indicumue,
598 1297 660 1354 aad
679 1297 726 1354 13.
750 1299 788 1356 15
816 1300 861 1356 als
893 1299 1076 1358 Coniunctfoe
1105 1307 1166 1357 eat·

110 1385 242 1460 spreclen.
279 1383 387 1440 Exstat
409 1383 499 1439 lectio
521 1384 551 1438 in
566 1383 737 1438 membrana
750 1383 986 1441 Darmstadiensi
1009 1390 1039 1441 et
1062 1384 1166 1442 codice

111 1475 197 1526 nostro
212 1469 376 1526 Dresdensi
400 1467 532 1526 secundo
555 1485 590 1524 ac
606 1469 734 1524 fortasse
755 1469 901 1544 probatur
915 1470 982 1526 loco
999 1473 1165 1546 scripturae

111 1555 182 1612 Cant.
205 1555 232 1622 5,
256 1557 285 1612 2.
319 1553 390 1610 Cod.
419 1553 628 1628 Friburgensis
659 1571 737 1610 saec.
772 1553 818 1622 15,
849 1553 1027 1612 Thomasius
1065 1555 1166 1613 adiicit

111 1639 298 1716 doxologiam:
331 1641 400 1696 Deo
423 1641 501 1714 patri
525 1640 564 1694 sit
586 1639 681 1712 gloria
704 1643 769 1707 eto,
794 1640 842 1695 alii
866 1639 924 1696 duo
947 1641 1040 1698 Monii
1063 1641 1164 1698 aliam:

110 1725 219 1782 Praesta
239 1731 330 1800 pater
345 1717 541 1799 omnipotens.
580 1723 722 1797 Stropha:
746 1723 799 1780 Ad
822 1731 858 1782 te
882 1725 1080 1782 clamamus
1103 1728 1166 1782 Do·

110 1813 185 1868 mine
206 1813 235 1867 in
258 1810 326 1867 cod.
352 1810 568 1884 Stuttgartensi
591 1815 622 1865 et
643 1810 730 1866 Brev.
755 1810 985 1868 Constantiensi.

183 1896 317 1956 17-20.
331 1895 381 1952 M.
405 1897 519 1952 werden
549 1896 709 1952 maacdmal
735 1913 798 1952 zum
822 1897 916 1971 Seqen
937 1915 1086 1972 pericopen
1110 1899 1169 1954 uad

108 1982 187 2039 laben
207 1985 272 2040 eine
286 1983 358 2040 sehr
379 1983 485 2038 soleriae
506 1981 567 2037 aad
587 1983 645 2037 alte
658 1981 791 2048 Melodie,
815 1982 861 2038 die
882 1983 959 2038 molti
978 2001 1029 2038 vor
1051 1983 1098 2039 die
1111 1984 1167 2040 Ab·

107 2069 216 2143 fassuap
238 2069 337 2125 dieses
358 2067 489 2140 Hymnus
511 2083 547 2122 zo
568 2073 667 2122 setzea
690 2070 737 2124 ist.

180 2155 310 2212 cantant
326 2153 503 2210 Carmelitae
524 2151 667 2226 hymnum
689 2151 728 2208 ad
744 2151 976 2225 completorium
997 2169 1052 2228 per
1073 2157 1168 2210 totam

109 2237 365 2314 Quadragssimam
379 2255 476 2312 usque
492 2236 531 2294 ad
547 2237 678 2294 Coenam
689 2237 815 2294 Domini.
853 2237 1167 2296 Praemonstratonses
1240 2279 1247 2299 r

107 2341 154 2396 per
173 2323 441 2398 Quadragesimam
464 2321 502 2379 ad
523 2323 706 2380 Dominicam
729 2341 825 2398 usque
847 2323 1008 2381 Passionis.
1054 2325 1168 2382 Utrius-

109 2427 157 2483 que
177 2411 331 2487 religionis
355 2411 502 2484 scriptura
525 2414 690 2465 consonant
712 2407 875 2466 Thesauro.
965 2399 970 2408 ’

531 2557 733 2566 ωω--ρ-ι--ο

282 2605 286 2612 ’
390 2639 460 2721 'uo
483 2650 763 2740 compotorum.
809 2651 862 2720 M.

221 2787 316 2843 Lucis
339 2788 444 2840 auctor
467 2783 606 2849 clemens,
630 2783 730 2840 lumen
752 2783 937 2848 immensum,

220 2873 339 2928 Lumen
362 2871 447 2925 cuius
470 2870 567 2944 fulget
591 2861 712 2924 sanctus
737 2872 857 2924 eternus

223 2958 378 3021 ChristuS,
403 2971 469 3010 curn
492 2972 551 3028 quo
574 2959 682 3028 regnat
705 2971 772 3009 cum
793 2954 860 3026 ipso
883 2953 912 3008 in
935 2969 1034 3020 unum,

221 3043 259 3099 Et
284 3045 408 3097 sanctus
432 3039 569 3114 Spiritus,
593 3055 651 3094 una
673 3043 818 3112 potestas.
895 3105 897 3112 Ι

97 3159 99 3166 ’
182 3161 199 3221 5
223 3163 335 3218 Tetrae
358 3160 455 3216 noctis
478 3157 567 3216 huius
591 3157 747 3234 caliginem
770 3157 859 3232 pelle,

224 3247 444 3322 Serpentisque
467 3243 592 3311 fraude,'
607 3259 799 3318 quaesumus,
823 3244 907 3318 fuga:

223 3333 288 3390 Nos
311 3336 444 3388 armatos
468 3347 519 3386 cru
539 3331 565 3386 is
590 3329 745 3404 signaculo
769 3329 862 3396 salva,

224 3419 427 3476 Sacrosancto
450 3421 502 3472 tuo
521 3347 650 3470 &omine
674 3413 743 3470 dita.

223 3537 317 3592 Pater
338 3534 522 3602 immortalis,
546 3535 674 3589 omnium
696 3531 813 3598 Pastor,
853 3577 855 3585 .

168 3623 203 3680 10
225 3620 413 3679 Invidentem
434 3609 553 3676 h'ostenr
575 3619 680 3694 frange
702 3618 883 3674 fuscantem:

224 3707 340 3764 Lumen
363 3705 448 3762 no'bis
471 3704 582 3778 praebe
604 3720 736 3778 perenne
760 3701 796 3758 de
820 3706 938 3758 sancto:

226 3791 400 3849 Tenebroso
424 3789 500 3847 calle
522 3803 582 3846 non
603 3802 779 3863 pareamus·

227 3911 411 3985 Redemptor
434 3915 535 3968 eterne
558 3907 621 3964 Rex
644 3909 870 3972 omnisrterraa

227 3997 412 4067 Dilectorum
433 3997 500 4069 pius
524 3995 653 4070 gemitus
677 3991 814 4058 attende3

170 4082 205 4140 15
228 4082 421 4140 Insidiantenr
443 4081 562 4138 hostem
585 4079 738 4152 confringe
761 4077 913 4134 Salvator:

225 4167 290 4224 Nos
308 4171 436 4246 eternae
459 4167 539 4224 vitae
560 4163 654 4221 redde
675 4163 791 4220 beatos.
815 4219 818 4223 ,
989 4149 993 4162 ’

227 4287 354 4344 Noctem
376 4284 462 4342 nobis
484 4286 574 4342 istam
597 4281 675 4339 dona
699 4284 844 4357 quietam:

227 4371 422 4430 Insidiantem
443 4370 562 4427 hostem
584 4368 698 4442 repelle
721 4385 740 4424 a
761 4366 862 4424 nobis:
