2848 5030
633 451 693 530 m

70 705 74 710 ,
124 639 265 704 Muniam
300 643 482 720 sequentiae
518 641 678 717 partitione
716 641 874 701 dissonam.
919 641 947 704 7.
970 644 1196 718 praetulisti.

126 732 154 790 9.
179 733 394 805 compensat
416 727 495 786 dies
517 730 589 785 iste
617 723 790 787 testatur.
835 727 957 786 Penius:
982 733 1197 804 compensat
1260 768 1286 782 .-

125 822 173 872 ut.
221 815 267 874 ll.
297 815 337 873 M.
360 813 428 873 Per.
458 831 566 888 prece
596 819 687 872 recte.
710 841 753 852 -
774 814 878 870 Monet
923 815 1029 872 Daniel
1050 815 1199 872 tertiadet
1230 853 1233 856 -

124 903 172 959 die
200 902 315 959 Worte:
338 903 417 957 meas
438 903 569 978 corporis
598 901 660 956 eius
689 900 750 966 aad
771 901 885 956 erkltirt
904 902 948 956 sic
970 901 1059 958 durch
1081 901 1195 970 Karcbe,

124 1005 185 1044 ruas
213 989 287 1062 irriq
317 987 371 1054 ist,
404 985 478 1042 deno
508 993 594 1042 auter
624 987 702 1043 locus
725 987 854 1060 corporis
876 985 950 1041 ruird
971 986 1023 1042 das
1049 986 1124 1042 Grai>
1146 986 1197 1044 des

123 1073 268 1147 Heiliqca,
292 1073 411 1146 specieli
430 1073 511 1127 seiae
543 1071 720 1127 Grablcircbe
749 1071 945 1150 1111111111,Α
969 1089 1000 1126 es
1029 1091 1106 1128 mass
1135 1061 1197 1128 also

124 1160 286 1223 cmmirt
306 1157 439 1213 werden:
462 1158 524 1212 eius
546 1157 620 1214 (scil.
641 1155 760 1220 Carisa)
777 1159 990 1232 praereptam,
1014 1159 1110 1212 momit
1123 1157 1196 1212 aucb

124 1244 177 1300 der
197 1243 335 1318 folqendc
358 1243 427 1298 Scir
450 1241 711 1314 zusammentlapt,
736 1242 788 1297 der
810 1242 942 1298 dasseltc
961 1243 1082 1300 Stabiect
1102 1242 1161 1298 bot.

213 1445 281 1506 170.
306 1434 454 1516 [Proteo
475 1435 624 1502 ecclesia
653 1441 766 1504 mater
796 1435 936 1504 illibata.
980 1445 1012 1503 Β.
1036 1445 1195 1504 Notkeri.

123 1533 158 1590 In
180 1531 424 1589 Dedicatione
452 1525 663 1600 Ecclesiae]

209 1650 399 1708 Notkeriana.
444 1650 533 1709 Thes.
547 1650 584 1706 11.
602 1669 629 1724 p.
645 1650 694 1709 23.
712 1651 782 1708 384.
828 1650 918 1706 Mone
932 1649 954 1707 1.
976 1649 1045 1708 323.
1069 1667 1086 1706 e
1109 1641 1194 1707 codd.

124 1737 188 1795 XII.
217 1735 293 1793 xlv.
324 1736 385 1794 XV.
417 1753 494 1794 saec.
549 1737 595 1793 lli.
627 1737 820 1794 resultent.
865 1736 929 1792 Una
959 1753 994 1792 ex
1016 1735 1195 1792 membranis

112 1821 217 1890 ⁴Munii
248 1821 481 1896 Stuttgartensis
516 1821 611 1888 (Brev.
645 1822 712 1879 123.
745 1838 821 1880 saec.
853 1819 929 1886 xil.)
959 1820 1051 1876 habet
1077 1821 1195 1877 titulum

123 1909 306 1966 Laetatus
331 1925 405 1964 sum
428 1905 488 1972 (Ps.
507 1907 576 1973 121,
595 1909 633 1964 l.:
658 1907 802 1963 Laetatus
820 1925 885 1962 sum
899 1909 928 1962 in
943 1907 990 1962 his
1014 1923 1091 1982 quae
1115 1905 1196 1962 dicte
1250 1905 1255 1913 '

125 1998 195 2050 sunt
216 1991 299 2049 mibi:
323 1994 353 2049 in
376 1991 495 2048 domum
516 1993 633 2048 Domini
654 1990 783 2057 ibimus)
827 1991 968 2048 Fortasse
990 1991 1041 2047 ille
1063 1977 1195 2049 versicu-

60 2135 65 2146 ,
123 2080 171 2136 lus
194 2077 264 2134 olim
286 2078 462 2134 cantabatur
483 2080 513 2133 in
536 2077 679 2134 Graduali
701 2079 817 2135 festivo.

209 2163 303 2220 Neale
327 2163 416 2238 Sequ.
442 2183 469 2237 p.
493 2161 563 2221 247.
588 2181 603 2219 e
626 2163 741 2220 Missali
764 2151 1118 2238 Augusto-Vindelicensi
1141 2181 1193 2220 ms.

125 2265 165 2307 sc.
189 2249 250 2306 XV.
299 2251 324 2306 1.
348 2249 492 2321 psallat
521 2255 603 2304 tuae
634 2242 781 2324 gloriae
811 2249 900 2306 eccl.
924 2254 1006 2306 mat.
1029 2246 1123 2306 illib.
1147 2255 1206 2326 est!

123 2337 219 2409 prima
242 2335 368 2406 stropha
388 2335 502 2402 Nealio,
527 2335 574 2390 cui
595 2339 628 2389 ut
649 2334 832 2408 respondeat
855 2333 999 2402 secunda,
1024 2331 1194 2401 addiditin

124 2418 297 2486 (honorem).
353 2419 399 2478 10.
423 2421 563 2478 nociva.
623 2413 671 2478 12.
694 2415 882 2493 personet.
944 2421 990 2479 13.
1013 2424 1192 2477 resonent.

127 2507 173 2564 14.
196 2506 388 2563 resultent.

557 2585 729 2592 —--—-—-..—.
734 2586 754 2590 ,-

214 2680 589 2762 arimenensium
623 2683 730 2750 totas
768 2683 882 2750 deuoti
914 2683 978 2766 filii
1011 2683 1192 2758 certesiae.

125 2779 159 2834 In
174 2775 422 2837 Dedicatione.
444 2777 636 2834 Waldrami
654 2778 787 2834 coenobii
799 2778 924 2835 Decani:
941 2777 1098 2836 melodiam
1115 2795 1193 2836 corn·

124 2865 227 2938 posuit
249 2861 338 2920 Pater
360 2858 533 2934 Ioannes]

149 2985 174 3041 1.
198 2983 433 3040 Sollemnitatem
455 2983 543 3040 huius
567 2982 667 3041 devoti
682 2985 733 3040 filii
751 2985 907 3052 ecclesiae,
923 2987 1059 3041 nimirum
1075 2991 1193 3042 vestrae

328 3070 439 3135 matris,
464 3069 566 3137 colite;

145 3157 173 3214 2.
198 3153 282 3224 Quae
305 3160 423 3210 vosmet
445 3171 480 3211 ex
503 3156 570 3212 alvo
594 3156 720 3230 spiritali
743 3157 855 3230 genuit,

145 3240 172 3298 3.
197 3239 254 3309 Qui
276 3244 381 3312 partus
404 3245 540 3297 terrenos
564 3241 640 3298 coeli
663 3241 792 3298 heredes
815 3243 893 3299 facit.

145 3325 174 3381 ln.
198 3323 293 3401 Igitur
316 3323 440 3382 celebris
464 3326 539 3382 haec
563 3327 678 3382 cunctis
701 3328 848 3384 festivitas
869 3334 997 3394 maneat,

146 3410 173 3468 5.
195 3409 286 3467 Istius
309 3411 359 3484 qui
382 3413 484 3468 matris
509 3429 541 3468 se
564 3419 650 3468 natos
674 3429 742 3468 esse
764 3431 818 3486 pro
843 3418 924 3469 certo
948 3415 1051 3470 sciant.

146 3493 173 3556 6.
197 3496 324 3552 Oremus
347 3513 458 3563 omnes,
483 3514 584 3552 omnes
608 3515 739 3564 oremus,
763 3498 803 3554 Ut
825 3499 911 3554 matri
941 3499 1115 3556 coniunctos
1145 3517 1194 3556 ca·

327 3581 455 3638 thelicae
494 3583 680 3656 omnipotens
717 3585 794 3640 filios
827 3584 917 3640 saciat
947 3585 975 3638 in
1006 3583 1194 3642 Hierusalem

328 3666 410 3724 celsa
431 3667 583 3726 iucundos,
782 3737 785 3744 ⁴

146 3752 174 3810 7.
197 3751 349 3826 napaeis
372 3757 512 3810 aeternae
544 3754 719 3810 consocians
749 3754 856 3810 visioni
886 3751 1020 3810 coetibus
1051 3754 1194 3828 angelicis

330 3837 495 3896 coheredes
517 3855 586 3894 esse
601 3838 721 3905 tribuat,
745 3838 840 3896 Amen
855 3844 886 3896 et
901 3855 996 3906 amen,
1019 3840 1071 3902 1111
1087 3844 1118 3896 et
1133 3841 1191 3898 liat.

145 3926 173 3982 8.
198 3923 222 3978 Ο
247 3925 352 3992 sancti,
376 3925 450 3980 haec
474 3924 579 3980 domus
604 3942 729 4002 quorum
751 3931 833 3982 artus
857 3924 998 3990 continet,

112 3999 117 4012 ⁸
146 4011 172 4067 3.
197 4008 335 4066 Salvator
356 4009 414 4066 hoc
438 4010 523 4066 nobis
546 4010 685 4083 precibus
708 4012 818 4068 nostris
842 4009 941 4076 donet,

127 4095 173 4152 10.
197 4091 285 4162 Quod
307 4093 395 4152 nullis
419 4097 531 4152 meritis
555 4097 748 4171 cognovimus
772 4114 826 4152 nos
849 4096 955 4152 mereri
977 4097 1114 4170 propriis.

127 4181 173 4236 11.
195 4177 235 4237 Ut
256 4185 330 4252 puta
353 4183 403 4255 qui
426 4185 506 4237 terra
530 4199 631 4238 sumus
654 4185 745 4256 atque
769 4181 927 4238 tabescens
952 4181 1032 4238 cinis
1082 4184 1091 4198 ¹

208 4317 335 4393 Legitur
356 4320 385 4376 in
408 4313 492 4380 codd.
517 4319 545 4375 S.
562 4317 640 4375 Galli
663 4317 731 4376 375.
755 4338 784 4392 p.
802 4317 873 4378 305:
895 4317 1098 4392 tropaei.
1120 4315 1190 4375 381.

124 4401 194 4460 33¹·
217 4421 245 4477 P·
270 4401 341 4462 597·
377 4403 617 4461 Perii'Monum.
640 4403 676 4462 ῙΙ.
699 4423 728 4481 p.
755 4404 820 4463 1⁰1.
857 4404 948 4460 Moue
967 4403 988 4462 Ι.
1005 4403 1082 4463 322.
1105 4419 1193 4478 prae·
1242 4432 1244 4436 .
1331 4365 1350 4428 .'
