2822 5026
718 365 760 438 54

289 551 410 618 Postea,
434 567 501 606 cum
523 564 620 623 paene
642 548 723 623 apud
745 539 848 606 omne's
872 563 924 605 sex
945 548 997 605 illa
1020 549 1151 606 carmina
1171 554 1279 609 canta·.

206 643 310 696 rentur
339 637 379 692 ad
407 637 557 710 Vesperas
587 636 763 692 notissimis.
780 639 872 709 atque
906 635 1110 691 usitatissimis
1140 634 1271 692 versibus

130 721 133 728 “
208 724 349 797 contigit,
380 720 462 797 quod
492 723 581 776 etiam
610 719 684 777 alias
714 720 852 777 evenisse
875 721 994 776 scimus.
1039 719 1271 818 Hymnographi
1312 783 1315 792 Ι

168 857 170 861 .
207 810 319 867 vetusti
340 811 449 881 poetae
471 805 593 862 floribus
617 807 733 862 cantica
756 823 810 862 sua
825 803 1014 876 adornarunt,
1037 805 1087 862 rel
1109 805 1191 861 solae
1214 807 1273 862 sine
1352 841 1359 852 -

208 895 284 962 aliie,
308 893 486 968 quibuscum
507 893 628 990 proprie
656 891 832 958 cohaerent,
855 889 994 1011 puhlicae
1020 905 1056 946 ac
1078 891 1240 964 privatae'
1234 907 1274 946 m·
1376 939 1378 946 ,

209 981 376 1038 servierunt
399 976 496 1034 devot
476 977 557 1033 troni.

397 1201 538 1272 Christe
561 1173 620 1291 qui
641 1205 705 1270 lunc
727 1223 766 1271 cs
789 1207 824 1271 cl
845 1203 931 1270 dics.
984 1201 1024 1268 0.
1048 1201 1094 1268 D.

422 1307 505 1359 Thes.
524 1304 545 1358 Ι.
564 1321 590 1372 p.
609 1303 650 1357 33.
668 1305 741 1357 Add.
776 1305 822 1358 Au
840 1304 1068 1374 completorium.

294 1437 339 1494 M:
362 1437 422 1493 Iius
443 1436 548 1492 Lied'
538 1443 577 1492 ist
565 1435 674 1492 ιιιοιιι
694 1435 773 1492 nicht
794 1437 869 1492 diter
891 1437 935 1492 uls
957 1433 1009 1491 dos
1033 1435 1057 1490 7'.
1082 1431 1180 1490 murs.
1254 1489 1257 1496 .

286 1545 354 1598 Ood
381 1545 505 1598 Rheuov.
529 1546 570 1596 91.
593 1559 666 1597 saec.
690 1543 738 1596 XI.
765 1544 822 1610 (R)
855 1542 1025 1610 MonoI.p
1028 1544 1088 1596 .92
1106 1558 1149 1610 sq.
1168 1541 1227 1607 (Hs.
1245 1557 1277 1594 zu

210 1613 378 1667 Darmstadt
396 1613 447 1666 Νο
463 1613 530 1668 2106
541 1627 591 1664 aus
605 1613 668 1664 dem
686 1613 709 1664 8
723 1611 819 1664 Jahrh.
849 1609 899 1664 Hs.
917 1627 973 1663 von
984 1611 1024 1664 St
1036 1610 1090 1662 Pe
1078 1613 1124 1662 er
1137 1627 1172 1662 zu
1185 1607 1275 1662 Karls
1376 1617 1378 1678 j

211 1685 281 1735 ruhe
301 1684 341 1734 ι5
359 1681 455 1734 Jahrh
482 1677 1208 1748 Hs.vonSt.tGeorgenzuKarlsruhe15.Johrh
1230 1677 1275 1728 Hs.
1377 1685 1378 1692 ’

161 1790 166 1798 ,
211 1750 288 1803 zuSt
277 1753 371 1802 tautt

335 1748 736 1869 qartBrcv.101.ii.-Jahrh.
767 1748 863 1800 Hs.'m
881 1747 1000 1800 meinem
1009 1746 1108 1799 Besitz
1128 1749 1167 1800 15.
1185 1745 1276 1798 Jahrh.

211 1819 261 1942 a
259 1835 328 1939 st
346 1817 497 1953 ..uisu
509 1815 1006 1938 t...·³s¹ui.i¹e.teuuu¹>
1030 1816 1071 1870 ¹²
1092 1814 1159 1882 (Β)
1163 1814 1277 1876 Μ
1376 1897 1378 1938 ι

297 2000 325 2057 2.
348 1997 390 2054 Μ.
414 1997 607 2072 detegens,
631 2013 699 2053 cum
719 2015 779 2053 uno
795 1997 965 2053 Thomasio.
1002 1995 1130 2054 Praeter
1151 1995 1276 2068 reliquos

212 2083 332 2141 codices
362 2084 544 2140 Hincmarus
569 2082 723 2138 nobiscum
752 2083 840 2138 canit.
891 2083 936 2138 De
969 2097 1028 2137 una
1059 2086 1091 2138 et
1119 2099 1178 2137 non
1207 2080 1278 2135 trina
1376 2111 1378 2150 p

211 2171 331 2226 Deitate
353 2187 382 2242 p.
407 2168 477 2226 528.
503 2167 531 2222 S.
576 2168 618 2224 Et
638 2169 705 2224 item
720 2168 885 2224 Ambrosius
902 2185 959 2242 per
981 2151 1072 2222 totam
1094 2167 1181 2224 alium
1204 2166 1278 2239 hym·

213 2273 279 2312 nam
302 2254 342 2310 ad
359 2255 416 2325 filii
432 2269 588 2327 personam
616 2254 743 2325 loquutur
770 2253 882 2308 dicens:
914 2253 1026 2310 Christe
1054 2255 1105 2326 qui
1127 2253 1180 2308 las
1202 2269 1232 2308 es
1252 2252 1278 2304 ιι

147 2391 150 2398 ,
213 2341 284 2406 dies,
307 2340 399 2394 noctis
423 2337 556 2392 tenebras
578 2336 697 2414 detepis.
742 2337 773 2394 3
795 2338 823 2392 4
846 2337 886 2392 Μ.
904 2330 1043 2392 lucifer
1066 2338 1186 2392 lucem
1207 2351 1277 2410 pro·

213 2425 357 2480 ferens
354 2423 417 2478 ιιι
426 2438 478 2476 am
507 2421 592 2477 beat
580 2425 691 2477 atmt
679 2420 800 2477 tribue
833 2439 899 2478 cum
928 2421 1090 2479 Thomasio
1121 2427 1152 2478 et
1181 2419 1277 2477 codice
1373 2474 1375 2483 ,

131 2505 132 2508 ’
211 2505 393 2566 Darmstedt.
411 2523 490 2562 saec
503 2506 531 2562 8
556 2506 739 2579 Scripturam
760 2507 865 2582 vulgat
866 2523 913 2562 sm
929 2511 1032 2564 censet
1020 2508 1089 2564 t.M
1098 2510 1196 2564 -et'o
1216 2506 1277 2563 Ver

213 2593 344 2649 derbaiss
366 2591 468 2663 durch,
479 2591 696 2648 Missverstund.
741 2591 810 2648 Man
832 2591 916 2648 nohm
939 2593 1085 2650 niclieicdt
1105 2593 1225 2650 Aostcss
1245 2606 1277 2645 aa
1374 2567 1375 2640 ι

213 2679 277 2734 dem
299 2679 407 2733 Nomen
429 2677 548 2748 Lucifer
568 2677 620 2748 fiir
645 2677 740 2733 Christ
729 2683 790 2743 tus,
819 2679 885 2750 obpl
873 2677 946 2733 leich
969 2696 1001 2734 er
1023 2680 1053 2733 in
1076 2679 1133 2734 dea
1155 2679 1278 2752 Hpmnea

213 2764 265 2820 des
286 2763 418 2822 Hilarius
439 2763 518 2818 steht
539 2762 657 2825 (Daniel
677 2763 703 2828 1,
727 2761 768 2824 1.)
815 2763 841 2819 0.
864 2763 980 2818 broohtc
1007 2763 1059 2819 das
1082 2759 1278 2820 atratinus
1374 2747 1375 2806 i

221 2849 308 2914 Wolt,
336 2849 437 2903 duram
467 2847 558 2902 hcisst
579 2865 611 2901 cr
632 2845 752 2917 Lucifer
774 2847 804 2902 ιιι
826 2847 881 2902 dea
902 2849 979 2904 alten
1002 2848 1150 2920 Hymacn,
1178 2846 1278 2904 iodea
1374 2873 1375 2880 .

213 2938 333 3010 spdtcra
355 2933 405 2988 Ιιοι
436 2949 501 2987 mua
531 2931 610 2986 disse
631 2931 818 3004 -Beocanaap
838 2935 1050 3006 Ιιιιρῃειιιιιειι.
1097 2934 1212 2990 Beruht
1230 2932 1276 2994 sic,

214 3021 268 3076 avie
290 3035 321 3072 es·
343 3019 398 3072 mir
421 3017 541 3081 sedetet,
564 3015 624 3087 auf
639 3017 688 3070 Ps.
712 3015 784 3082 109,
807 3017 841 3072 3:
869 3025 936 3072 onte
959 3019 1113 3090 luciferum
1135 3019 1222 3092 pacui
1243 3021 1275 3080 te,

213 3121 246 3160 so
268 3107 347 3157 ardre
374 3101 421 3156 die
448 3101 606 3173 richtipere
634 3101 740 3156 Lsscrt
769 3102 921 3173 luciferum
952 3104 1005 3159 lux
1025 3107 1181 3178 praeiens,
1210 3095 1278 3158 deas

213 3186 409 3266 Lucifer'uad
417 3186 669 3260 lacmnprofcrcns
677 3185 847 3258 sindpertus
856 3199 1022 3260 peaommea
1032 3191 1098 3244 sine
1109 3187 1277 3259 Tmstolops'e,

213 3273 290 3330 Acer
312 3270 397 3326 deinc
418 3270 470 3326 Hs.
494 3272 556 3344 pibt
568 3273 641 3342 joae
662 3271 775 3336 assurt,
799 3271 873 3328 ιιιιι
895 3273 954 3328 ulte
977 3272 1194 3346 Schneibfchtor
1215 3272 1277 3328 ιιιι-

91 3347 95 3356 ’
182 3421 190 3439 x
214 3359 268 3414 bea
290 3357 321 3410 ia
343 3354 398 3414 dea
419 3355 487 3412 Hss.
511 3354 563 3410 der
584 3355 717 3428 Hymaen
740 3357 797 3412 viel
814 3358 910 3428 foster
930 3358 1032 3414 sichen
1054 3360 1100 3415 uls
1121 3362 1153 3415 in
1175 3357 1277 3414 andern
1375 3401 1376 3422 ,

216 3441 378 3512 Schriften,
405 3441 476 3496 weil
502 3457 567 3495 mcc
596 3441 643 3496 die
670 3441 760 3496 durch
782 3441 837 3496 den
858 3442 1131 3516 Mactenqebraaclt
1153 3441 1277 3517 perodio·

215 3526 308 3582 lichen
334 3526 426 3581 Teate
447 3525 526 3581 nicht
547 3525 659 3601 diodero
681 3527 782 3582 wollte.
828 3525 869 3582 At
895 3544 975 3594 vero,
1000 3545 1068 3584 cum
1091 3527 1179 3584 codd.
1207 3527 1277 3583 Oxo-

213 3612 334 3677 niensis,
357 3609 584 3678 Rhenoviensis,
609 3609 845 3666 Hammoniensis
869 3609 900 3677 (I.
917 3609 1007 3668 Proll.
1025 3612 1088 3680 XI.)
1104 3619 1137 3671 et
1150 3613 1277 3688 reliquae

213 3695 417 3760 membranae,
450 3697 572 3768 insuper
601 3696 754 3752 versiones
783 3700 933 3752 vetustae
950 3701 1122 3756 teutonicae
1145 3697 1277 3765 (Kehrein

193 3799 242 3854 p.
270 3777 318 3844 11)
341 3780 462 3836 faveant
477 3780 610 3854 vulgato,
634 3781 700 3854 ipse
723 3779 771 3835 hic
788 3780 930 3838 librorum
946 3799 1113 3842 consensus
1130 3781 1277 3842 dissuadet
1368 3771 1371 3780 ’

214 3865 252 3920 de
275 3865 423 3938 scriptura
445 3864 594 3920 mutanda.
633 3864 725 3920 Porro
750 3865 848 3922 Christ
837 3871 885 3923 tus
906 3869 936 3923 in
960 3870 1140 3928 carminibus
1164 3853 1302 3944 quoque'

212 3951 389 4023 posterioris
422 3951 511 4005 aeta
504 3967 529 4005 1s
562 3949 645 4006 audit
674 3951 834 4018 Lucifer,
865 3956 899 4008 ut
928 3954 1038 4027 apud
1030 3971 1130 4030 ipsum
1152 3955 1276 4015 Mouium
1346 3975 1349 3982 ·

214 4032 1276 4111 m.fflwfflffl9mmmmwe·

213 4120 304 4192 nique
325 4135 445 4175 versum
467 4119 494 4176 3.
518 4119 708 4176 iniucundum
730 4121 874 4194 praebere
897 4128 962 4180 taut
950 4125 1117 4200 tologiam
1110 4141 1176 4200 ipse
1197 4119 1275 4181 nobis

212 4205 303 4276 largit
303 4219 339 4258 ur
291 4203 484 4259 tMonius:
508 4207 606 4278 puto
594 4221 756 4279 arrepsisse
771 4207 801 4264 in
815 4207 957 4280 hymnum
972 4227 989 4266 e
1005 4229 1096 4268 versu
1119 4213 1140 4271 2
1161 4209 1272 4286 hymni:

214 4284 362 4362 Splendor
382 4293 526 4362 paternae
543 4290 664 4365 gloriae.
703 4289 834 4360 Quartus
851 4310 956 4352 versus
972 4295 1065 4354 Monii
1088 4296 1129 4354 ad
1149 4310 1279 4354 normam
