2904 5028
387 650 433 708 Sit
453 649 536 707 Petri
559 651 888 726 summm-genitaeque
908 650 997 718 Proli,

387 741 418 793 et
440 735 502 804 tibi,
526 751 647 810 comper
668 739 825 810 utriusque
848 741 952 792 sancte

385 813 523 896 Spiritus,
546 821 622 890 leus,
644 822 809 896 imperium,
833 826 970 896 potestas

480 907 611 982 Tempus
633 909 664 963 in
686 923 781 964 omne.

483 1133 732 1226 ‘Proclibulum
752 1133 913 1248 pudoris.

253 1235 440 1304 Magdalenae
457 1237 628 1306 poenitentis
647 1238 683 1289 sd
701 1235 806 1290 Christi
823 1237 911 1306 pedes
930 1235 986 1290 Cor
1004 1237 1162 1292 contritum.

595 1305 706 1358 Corolla
723 1303 818 1358 Wallr.
834 1313 839 1323 ’

235 1416 438 1475 Prostibulum
459 1418 597 1493 pudoris,
775 1419 799 1476 O
823 1419 920 1476 sontes
944 1421 1110 1476 oculorum!
1223 1481 1226 1490 ¹

232 1501 307 1559 ‘dum
321 1520 409 1562 cerno
419 1522 475 1572 me,
491 1509 649 1580 prosterno
659 1521 705 1560 me
773 1504 914 1578 depluite,
939 1505 1029 1561 eluite

236 1587 275 1645 sd
296 1589 390 1664 pedes
414 1589 587 1648 Salvatoris.
710 1589 748 1648 15
773 1592 919 1646 sentinam
940 1595 1143 1664 peccatorum,

235 1675 291 1730 Hic
314 1675 488 1750 fn'gescenti
510 1678 595 1732 focus
619 1681 675 1744 est,
770 1691 838 1731 nam
861 1673 955 1748 pedes
978 1676 1048 1734 Iesu
1070 1694 1220 1751 mergere,

167 1765 170 1774 ⁴
194 1760 214 1818 5
237 1759 285 1816 hic
306 1761 480 1834 poenitendi
500 1759 586 1818 locus
609 1766 664 1828 est,
755 1763 804 1818 ‚et
827 1778 932 1836 sparso
956 1763 1035 1818 crine
1059 1767 1178 1835 tergere

235 1845 311 1902 hsec
349 1849 438 1903 statio
468 1837 631 1904 ¹theutrum
669 1847 707 1903 sit
773 1864 844 1920 spes
874 1841 962 1904 unica
992 1853 1023 1903 et
1053 1853 1241 1921 scopus'est

503 1932 623 1989 doloris
1010 1937 1157 1999 uotorum,

240 2033 439 2108 Suspiriorum
463 2035 554 2102 chori,
774 2033 835 2090 Sed
856 2039 957 2090 tamen
977 2034 1054 2090 haec
1077 2039 1224 2090 tormenta
1294 2107 1297 2113 .

240 2119 350 2193 stipate
372 2137 429 2188 me,
454 2125 485 2176 et
507 2119 576 2176 date
598 2136 653 2176 vac
711 2118 753 2178 20
774 2120 949 2194 liquoribus,
974 2119 1115 2176 odoribus

237 2203 392 2262 recondito
415 2205 525 2262 dolori!
774 2209 974 2280 attemperant
995 2209 1164 2280 unguenta:
1227 2265 1235 2275 „

177 2290 218 2348 10
237 2307 436 2348 marmoreum
458 2309 510 2348 cor
532 2289 658 2358 tundite,
771 2297 842 2365 post
864 2293 1062 2363 lacrumsrum
1082 2291 1191 2348 belnec

238 2393 383 2450 equarum
405 2376 520 2433 nimbos
542 2375 666 2443 tundite,
688 2420 697 2438 .
776 2391 853 2451 quae
876 2379 971 2451 spiret
992 2377 1087 2434 virtus
1109 2376 1244 2432 balsama

240 2466 301 2518 stet
343 2462 484 2519 lacrumis
531 2461 569 2518 ad
612 2461 707 2536 pedes
773 2464 832 2518 sint
859 2463 971 2527 ultima,
1002 2461 1112 2520 doloris
1144 2479 1244 2518 sacre-

454 2601 461 2610 .
506 2547 576 2606 Iesu
598 2543 706 2607 mori·
1009 2549 1013 2558 '
1042 2552 1152 2606 ments.

629 2663 784 2725 Christus:

413 2768 446 2826 ’0
468 2769 591 2834 mulieri,
611 2767 775 2843 singultum

420 2857 479 2912 iam
502 2856 662 2928 supprime,
686 2856 745 2910 ism
768 2855 888 2928 suscipe

418 2935 579 3015 benignum
601 2940 672 2996 Iesu
693 2941 816 2998 vultum.

297 3067 300 3075 «
371 3029 382 3040 “
421 3027 517 3084 Tuum
540 3025 672 3084 dolorem
694 3027 815 3094 leniam,

376 3112 396 3171 5
420 3130 453 3170 ss
475 3117 639 3190 consecute
661 3114 778 3170 veniam
1090 3175 1092 3180 Ι

412 3216 458 3260 ⁴ac
480 3200 617 3274 gratiam,
640 3211 709 3254 nem
732 3197 859 3256 dilexisti
880 3199 1014 3258 multum.

314 3425 496 3494 uictimae
519 3402 696 3515 quondam
718 3429 828 3496 decus
850 3432 957 3516 atque
977 3429 1102 3521 lumen,
1199 3477 1202 3482 -
1238 3449 1241 3457 “

210 3525 255 3580 De
274 3526 300 3580 S.
320 3523 436 3582 Liburio
455 3527 496 3583 23.
514 3527 564 3581 Iul.
600 3525 781 3582 Lateinische
799 3529 1037 3598 Vespergesinge
1060 3529 1130 3583 na‘cli
1150 3527 1213 3582 dem

160 3594 344 3650 ›Remischen
361 3597 480 3650 Brevier
496 3598 554 3649 mid
573 3596 636 3650 dem
655 3597 737 3650 Ritus
762 3598 813 3650 der
827 3595 1001 3652 *chkirche
1023 3615 1059 3650 zu
1082 3597 1247 3654 Puderborn

417 3681 488 3718 ,von
506 3664 556 3718 Dr.
577 3663 609 3718 G.
627 3663 790 3718 Marchend.
810 3661 883 3720 1851.
902 3666 987 3734 uto.
1071 3687 1075 3694 ·

377 3793 519 3852 Francius
541 3795 690 3870 quondam
705 3796 798 3855 decus
822 3802 912 3872 atque
932 3797 1043 3864 lumen,

380 3897 468 3956 quem
491 3882 563 3938 colit
585 3881 690 3938 Sartee
713 3881 909 3957 Paderseque
923 3883 1041 3949 flumen,

377 3965 436 4022 huc
460 3966 532 4024 ades
554 3965 640 4024 nobis
664 3985 721 4042 ope
745 3969 894 4036 sanctiori,

479 4052 555 4111 Divc
577 4053 686 4110 Libori.

339 4171 357 4230 5
381 4161 426 4228 Tu
447 4171 494 4228 vir
510 4171 544 4228 in
566 4174 654 4229 terris
676 4171 796 4230 humilis
818 4170 955 4248 pudicus,

313 4253 317 4281 '
380 4255 534 4315 sceleris
556 4257 657 4315 mundi
679 4258 759 4316 vitiis
782 4258 903 4328 anticus,

288 4362 293 4372 ¹
378 4343 468 4402 visus
482 4357 516 4400 es
539 4345 601 4418 iugi
623 4345 737 4419 pietate
760 4361 878 4402 sursum

480 4427 604 4487 tendere
628 4446 756 4488 cursum.
