2788 5024
195 623 243 675 est
265 615 305 674 ad
327 613 510 674 credendum
533 635 560 691 p.
585 615 634 674 37.
658 615 785 673 Accedit
807 614 889 692 quod
911 633 971 672 non
993 616 1104 696 legitur
1125 618 1155 673 in
1178 567 1273 674 Bran-

194 703 259 762 deri
281 703 437 777 Catalogo.

279 788 442 864 Sequentia
475 788 610 862 sequitur
641 787 778 844 titulum:
817 785 1045 860 symphonia
1068 785 1273 852 (Concentu
1361 793 1364 800 '

158 900 164 908 ·
192 875 305 950 parili
326 873 417 930 Thes.
440 871 477 931 11.
499 891 528 946 p.
555 869 604 936 10)
627 873 670 929 ita
684 877 802 940 tamen,
826 877 860 928 ut
883 873 1009 946 stropha
1031 873 1133 928 tertia:
1157 873 1271 930 Sanc-

194 961 348 1018 tissima
383 959 550 1016 moribus
585 963 651 1026 etc,
680 974 707 1016 ¹a
741 957 894 1014 codicibus
931 957 1222 1024 Μ.5.θ.6161666,
1253 975 1270 1014 a

193 1047 278 1104 nobis
300 1045 385 1102 uncis
407 1043 532 1112 inclusa,
556 1044 650 1101 veluti
673 1044 776 1116 spuria
799 1043 1016 1118 praetermissa
1039 1045 1085 1101 sit.
1136 1123 1143 1136 '

281 1317 351 1377 616.
378 1307 534 1388 [Laudes
557 1308 696 1374 domino
718 1310 843 1374 nostra
865 1309 993 1373 66666
1015 1307 1267 1373 6666166161·-

195 1395 322 1461 monia.
362 1403 407 1458 De
431 1403 460 1459 S.
485 1402 724 1459 Emmeramo.
769 1401 863 1459 Thes.
888 1401 924 1457 II.
949 1419 977 1476 p.
1002 1397 1061 1469 dd]

280 1674 350 1734 617.
376 1661 517 1743 [Gordia
545 1667 619 1732 oric
651 1663 868 1751 symphonia
913 1674 958 1732 De
995 1674 1272 1732 6606661666

195 1763 372 1820 Damiano
395 1759 580 1820 6166166.
603 1759 641 1818 11.
662 1777 692 1832 p.
716 1755 799 1828 236]

281 2037 352 2096 618.
379 2023 503 2108 [Dulce
524 2024 632 2090 melos
656 2043 735 2089 cum
756 2024 1029 2110 contentane
1051 2033 1081 2090 s.
1097 2023 1272 2091 661666-

196 2125 264 2182 lao.
287 2119 449 2178 Μο66111.
472 2137 500 2193 p.
524 2119 586 2177 55ss
610 2117 672 2185 (Hs.
695 2137 732 2175 zu
755 2117 886 2174 Admont
908 2117 962 2176 No.
986 2117 1049 2176 717
1075 2119 1122 2186 11,
1138 2117 1268 2186 Jahrh.)]

199 2262 225 2320 1.
235 2259 330 2316 Dulce
352 2257 446 2314 melos
470 2273 537 2312 cum
560 2260 707 2313 concentu
729 2255 758 2314 5.
770 2255 867 2329 Ligna
890 2253 988 2312 desert
1010 2273 1183 2331 egenorum,

239 2343 429 2402 Modulemur
451 2343 481 2398 16
504 2347 653 2400 conventu
774 2341 848 2398 Usui
871 2341 1083 2414 mysteriorum

240 2431 346 2488 Totius
370 2426 527 2494 ecclesiae,
777 2427 816 2484 Se
841 2444 960 2484 servum
983 2425 1124 2494 exhibuit,

240 2518 423 2573 Veneremur
447 2512 501 2568 sub
525 2511 649 2568 obtentu
775 2513 852 2568 Dum
875 2529 910 2568 ex
933 2511 1068 2570 manibus
1092 2529 1215 2569 auorum

241 2602 374 2666 Gratiae,
397 2601 475 2656 vitae
498 2603 646 2672 proventu
774 2597 917 2665 Mustum,
940 2598 1066 2665 hostias,
1089 2597 1226 2654 laborum

240 2685 403 2742 Patronum
426 2683 596 2741 Bohemiae.
775 2683 929 2740 Altaribus
953 2683 1100 2756 praebuit.

200 2823 307 2885 2.Flos
331 2821 368 2878 de
392 2823 478 2895 spina
500 2815 686 2902 procreatus,
735 2819 833 2878 61166
857 2818 999 2888 miranda,
1031 2837 1081 2876 res
1102 2819 1270 2894 praeclara,

238 2908 434 2980 Wencezlaus
457 2912 552 2961 matre
575 2911 663 2961 natus
775 2906 869 2961 Frons
894 2903 978 2962 ducis
1000 2906 1035 2962 fit
1058 2907 1154 2962 crucis
1178 2923 1241 2973 ara,

110 3037 117 3046 .
240 2993 339 3049 Nobili
362 2991 415 3048 sed
438 2992 579 3065 pessima,
739 3045 741 3048 ,
776 2992 831 3047 Dei
853 2991 972 3064 fulgens
995 2989 1114 3047 lumine.

238 3077 360 3135 Patrem
384 3081 519 3133 sanctum
542 3078 674 3132 imitatus
775 3077 841 3132 Dux
864 3075 1004 3150 culpatur
1024 3091 1108 3132 mora
1132 3093 1210 3143 cara,

240 3164 392 3220 Christum
413 3179 489 3236 puer
510 3161 625 3218 lucrum
647 3167 731 3218 ratus
775 3161 887 3219 Caesar
910 3163 1007 3237 surgit
1030 3177 1119 3218 cruce
1142 3177 1211 3218 rara
1294 3237 1297 3244 Ι

239 3248 343 3327 Indole
367 3249 564 3306 sanctissima.
775 3249 847 3305 Visa
870 3249 957 3321 quasi
979 3248 1107 3306 numine.

198 3387 226 3444 3.
239 3385 354 3460 Legem
377 3386 456 3442 zelat
477 3390 511 3442 ut
533 3384 657 3458 Helyas,
734 3383 762 3442 7.
773 3383 864 3441 Iacob
888 3389 1024 3442 sanctum
1046 3388 1258 3458 repraesentat

238 3471 328 3528 Verbi
352 3471 410 3528 dux
432 3476 466 3527 ut
487 3471 597 3544 lsayas
775 3471 981 3537 wenceslaus,
1006 3467 1075 3524 dum
1095 3469 1270 3543 frequentat
1316 3464 1321 3472 ’

239 3557 347 3614 Gentis
370 3555 660 3631 pellenatenebras.
780 3555 906 3629 Templa
928 3560 1016 3611 nocte
1039 3552 1175 3628 pedibus

239 3643 295 3699 Hic
319 3641 467 3699 secundas
490 3641 632 3707 Ananias,
774 3640 869 3697 Nudia
893 3645 989 3697 terras
1011 3640 1060 3696 hic
1085 3643 1233 3706 cruentat,

207 3759 209 3768 ν
239 3729 418 3784 Futurarum
440 3733 473 3784 ut
495 3726 619 3801 Abdyas
775 3727 867 3783 Cuius
889 3725 983 3782 fidem
1002 3725 1067 3782 dira
1088 3729 1187 3781 tentat

238 3813 350 3870 Rerum
371 3813 477 3886 pandit
498 3811 638 3870 latebras.
679 3830 681 3833 ·
774 3812 873 3868 Mater
894 3813 995 3868 multia
1018 3810 1141 3869 vicibus

198 3951 226 4009 1.
240 3948 323 4018 Quos
347 3948 466 4006 Christo
490 3951 688 4024 regeneravit,
733 3951 761 4009 8.
773 3950 813 4007 Ut
835 3950 982 4016 convivet,
1006 3949 1148 4005 invitatur

239 4035 307 4112 Hos¹
325 4035 417 4091 verbo
441 4035 567 4109 ciboque
590 4037 682 4109 pavit,
773 4035 839 4092 Dux
862 4035 1002 4101 a‘sratre,
1027 4035 1069 4090 616
1092 4037 1217 4106 paratur

236 4119 377 4195 Propago
399 4120 540 4178 fidelium.
583 4191 585 4196 Ι
775 4121 953 4177 Wencezlao
977 4119 1163 4193 martyrium.

236 4204 313 4280 Regi
337 4206 456 4263 Christo
480 4207 617 4263 militavit
774 4205 894 4262 Laudes
919 4204 966 4261 dei
990 4204 1060 4260 dum
1081 4205 1207 4261 rimatur

237 4292 304 4348 Dux
326 4293 462 4366 insignis,
487 4291 625 4349 liberavit
776 4292 882 4359 Nocte,
906 4295 1028 4347 sanctus
1051 4290 1228 4348 vulneratur

235 4375 351 4434 Pueros
374 4379 544 4452 gentilium
770 4377 809 4433 Et
829 4378 865 4434 fit
887 4375 1091 4436 fratricidium.
