2904 5028
107 639 112 644 -
163 600 196 660 st
218 593 255 652 de
277 594 339 664 illo,
362 593 438 650 Due
462 597 552 660 tres,
576 589 736 650 dicendum
757 589 823 646 erit.
852 589 915 650 ,Αιι
931 594 1041 657 cetera,
1064 589 1236 650 Dominus

162 681 348 756 regnauit,
370 678 496 736 Iustus
519 676 754 754 germinabit,
777 675 961 734 Laetatur
985 693 1074 743 sum,
1097 675 1235 737 introitus

164 765 313 828 ecelesiae
340 764 369 822 S.
395 763 528 822 Gallensi
557 763 696 837 proprios
727 756 896 839 spectarint,
920 761 991 832 mihi
1020 763 1237 836 ineompsrtum

164 856 224 910 est:
249 855 333 908 certe
353 849 516 908 hirmorum
538 849 638 906 locum
662 845 711 913 (de
735 845 843 921 quibus
864 846 940 922 infra
963 843 1089 914 dicetur)
1112 865 1172 904 nen
1193 851 1237 904 te·

162 941 245 1004 nent,
268 937 379 1011 quippe
404 936 455 1010 qui
470 933 607 992 versibus
622 931 765 990 Psalterii'
785 929 965 1005 supradictis
980 933 1099 990 minime
1113 949 1238 1006 respon·
1343 987 1345 993 .

165 1021 266 1080 deant.
310 1021 356 1078 De
384 1020 432 1078 his
463 1019 577 1078 consuli
607 1023 710 1092 potest
737 1016 856 1072 Manius
886 1015 908 1072 Ι.
943 1017 1011 1076 197.
1056 1017 1237 1092 Sympho-

163 1108 263 1170 niam
281 1105 359 1164 bene
374 1110 460 1166 uetat
474 1105 843 1164 Wolfiusinstrumeutum
858 1103 1003 1162 musicum
1018 1102 1123 1162 sarissa:
1147 1119 1238 1178 quam

108 1243 113 1268 ,
166 1197 268 1255 tamem
290 1192 380 1252 miror
402 1208 471 1248 eum
492 1208 551 1246 non
573 1187 714 1246 laudasse
736 1187 890 1261 hymnum:

473 1309 545 1367 Dies
567 1309 664 1382 leatus
685 1308 796 1380 agitur,

521 1387 626 1469 Tange
649 1391 964 1468 symphoniam
1012 1451 1015 1456 ,

250 1515 317 1572 Νοιι
339 1531 464 1589 possum
487 1514 604 1571 silentio
627 1511 1026 1588 praetermittere'quantum
1041 1504 1239 1572 similitudinis
1331 1507 1333 1512 ’
1434 1503 1441 1512 ’

166 1599 267 1678 quoad
289 1601 428 1658 metricas
450 1601 581 1656 rationes
596 1600 674 1654 inter
689 1597 862 1671 sequentias
878 1599 1075 1655 Notkerianas
1099 1603 1132 1656 et
1145 1597 1237 1668 edas,

167 1703 246 1763 quas
274 1688 304 1744 in
333 1687 486 1742 matutinis
503 1673 579 1742 ‘suis
608 1687 756 1756 usurpant
783 1681 906 1751 Graeci,
936 1685 1014 1741 insit.
1057 1683 1131 1742 Illae
1161 1687 1239 1742 enim

165 1775 280 1831 incerto
303 1772 525 1828 intercisionem
547 1786 686 1836 numero,
725 1770 860 1842 quamuis
891 1770 981 1845 longe
1003 1771 1130 1837 maiore,
1169 1788 1239 1828 oon·

167 1863 265 1924 stant,
297 1861 327 1914 et
350 1855 389 1912 ad
410 1873 543 1913 normam
566 1860 715 1936 sertorum
737 1869 893 1924 versuum,
925 1857 1005 1923 sive,
1029 1860 1063 1910 ut
1084 1859 1238 1929 vocantur,

167 1933 286 2019 εἱρμῶν,
309 1958 449 1998 numeros
472 1947 689 2014 aasentumque
713 1937 834 1994 ducunt.
879 1939 1020 2014 Exemplo
1045 1941 1083 1996 sit
1104 1939 1179 1997 hoe:

168 2051 300 2139 ῥείίψοις
323 2048 463 2222 elpizo»
485 2051 682 2158 auruudtouq
701 2049 705 2136 l
725 2050 911 2136 παναοίδιμε
939 2045 975 2116 τὸ
1006 2051 1065 2138 πῦρ
1091 2051 1149 2132 vi<
1170 2043 1240 2120 ἀσι-

251 2137 337 2219 βείας
379 2139 439 2203 τῶν
461 2131 635 2221 taenaron
657 2139 745 2226 ημαρ
768 2133 916 2204 ἑκάστοτε
938 2133 1083 2220 spontane
1107 2197 1113 2206 .

167 2223 253 2291 ἓνεῖον
274 2221 306 2300 ἐς
327 2220 438 2308 qviper
453 2243 538 2299 νπιις
552 2217 646 2300 trinu<
664 2219 669 2307 Ι
687 2218 743 2288 τὸν
758 2223 896 2291 nudarer
911 2213 952 2297 ὧς
963 2221 1057 2304 repe
1071 2214 1200 2306 εἰνιιιίσωΙ
1216 2217 1222 2304 Ι

251 2301 308 2396 τὴν
330 2301 435 2394 ψυχὴν
455 2303 511 2372 καί
531 2301 586 2372 τὸν
607 2309 677 2372 νοῦν
699 2301 873 2392 poe-lgent
895 2325 957 2385 σον,
980 2298 1085 2390 μάκαρ

211 2427 254 2511 τῷ
276 2425 387 2510 νιφετῷ
408 2421 537 2514 Ζηνὸβιε
588 2484 591 2488 .
673 2420 745 2504 unii<
767 2425 798 2494 ἐν
821 2423 921 2492 πίστει
941 2416 1211 2512 teipitinae,
1324 2449 1328 2456 ⁴

211 2506 435 2596 εὖσεβοφρὸνως
457 2511 618 2597 μέλποντα
675 2503 795 2590 idei<
824 2501 991 2597 εὐλογητὸς
1017 2499 1052 2574 εἶ.
1247 2521 1250 2526 ”

254 2672 299 2728 De
321 2671 481 2728 Victorinis
505 2673 669 2746 sequentiis
691 2689 790 2747 panea
812 2673 929 2726 restant
944 2667 1079 2726 dicenda:
1123 2667 1187 2726 llas
1210 2670 1239 2725 in

169 2763 232 2814 tres
254 2763 357 2831 partes
379 2774 434 2831 pro
458 2755 612 2813 commodo
635 2763 737 2812 nostro
761 2755 894 2814 dividere
916 2771 1091 2835 pssumus:
1116 2770 1167 2811 eas
1184 2756 1241 2811 sei·
1299 2766 1304 2778 '

168 2843 240 2900 lieet
262 2859 339 2918 quae
362 2844 449 2917 quasi
471 2842 624 2900 trochaico
648 2839 787 2899 constant
809 2845 921 2908 metro,
952 2855 1032 2916 quae
1059 2837 1149 2916 quasi
1168 2841 1241 2896 iam·

171 2990 371 3002 -..—-.--

239 3071 261 3137 ')
279 3071 362 3125 Addo
381 3086 454 3139 quae
472 3085 526 3140 ego
546 3071 582 3124 de
601 3069 818 3139 Sequentiarum
834 3069 925 3122 titulis
944 3069 1043 3123 sentio.
1078 3069 1130 3122 Est
1148 3072 1242 3123 autem

172 3139 581 3267 sultitiae-llius
601 3139 1244 3274 lapidantium„siletis

172 3273 300 3356 Casibus·
312 3275 339 3329 S.
353 3225 503 3342 Galliqqui
521 3291 607 3342 supra
624 3276 737 3343 legitur.
755 3305 790 3316 -
807 3275 886 3328 Alios
904 3274 1026 3328 musicos
1044 3275 1144 3328 titulos
1159 3275 1244 3328 index

172 3345 323 3396 exh1beb1t.
359 3345 532 3424 ²).A¹.‘⁰m¹i¹
550 3344 770 3424 appellationum
788 3359 886 3423 genus·
898 3359 932 3396 ex
950 3343 1144 3411 aliquemne,
1164 3343 1243 3396 euius

171 3416 216 3465 est
238 3412 353 3480 gratim
375 3412 557 3480 signrlieatrm
584 3427 614 3464 m
636 3411 729 3466 trente
752 3413 922 3480 Sequentrae
949 3411 1043 3478 posita
1064 3411 1184 3478 pendet;
1209 3425 1243 3464 ex

170 3495 249 3532 more
268 3479 423 3548 antiquitus
442 3480 560 3540 usitato,
587 3479 666 3532 euius
680 3481 836 3547 exemplum
850 3479 1030 3558 agnoscimus
1042 3479 1106 3532 iam.
1124 3478 1160 3531 11.
1174 3479 1244 3546 ng.

171 3549 196 3609 1,
217 3548 256 3600 18.
291 3548 317 3612 3)
335 3548 391 3602 Alii
406 3547 488 3600 titidi
507 3563 541 3600 ex
559 3547 694 3602 Graduali
718 3548 763 3600 vel
781 3565 819 3602 en
833 3547 962 3616 Epistola
984 3547 1155 3666 Sequentiae
1198 3562 1243 3598 ro·
1286 3563 1289 3570 ·
1334 3607 1343 3618 „
1412 3555 1445 3600 M

46 3624 59 3642 ‘
171 3615 244 3670 xime
263 3617 453 3684 praecedente
471 3615 553 3696 petiti
572 3619 650 3678 sunt,
675 3615 719 3670 vel
738 3632 794 3668 non
812 3631 954 3734 nunquam
978 3630 1011 3669 ax
1044 3615 1150 3668 ntroitu
1169 3613 1244 3666 a‘'s·

171 3699 227 3752 que
244 3684 374 3752 partibus
394 3683 485 3756 omen
503 3683 618 3740 Missae,
651 3687 679 3750 l)
699 3681 753 3736 Alii
772 3699 857 3750 porro
886 3699 905 3736 n
923 3681 1084 3750 sequentiis
1104 3686 1244 3752 certorum

173 3753 311 3806 festorum
329 3753 427 3806 usibus
446 3752 597 3806 destinatis
615 3752 742 3804 breviter
761 3751 897 3804 denotant
918 3751 986 3804 festi
1004 3765 1106 3804 nomen
1124 3750 1169 3803 vel
1186 3766 1245 3803 ma·

172 3820 287 3883 teriam,
313 3821 357 3873 vel
374 3837 434 3874 rem
452 3821 481 3874 in
498 3820 618 3874 lastaria
629 3820 706 3873 v:lenti
722 3819 884 3875 nouhilenr.
920 3821 947 3884 t)
967 3817 1059 3884 Quum
1077 3822 1171 3873 autem
1189 3834 1245 3872 uon

171 3899 358 3958 unaquaeque
378 3889 532 3957 Sequentia
549 3888 693 3958 propriam
717 3889 836 3946 haberet
853 3887 1015 3949 melodiam,
1040 3887 1121 3940 titulo
1147 3903 1245 3956 saepea

172 3972 288 4009 numero
307 3971 341 4009 ea
355 3956 509 4025 Sequentia
528 3953 714 4024 significatur,
734 3955 813 4008 cuius
832 3955 980 4008 melodiam
999 3955 1089 4008 altera
1107 3957 1245 4022 sequeba·
1315 4003 1319 4009 ,

172 4028 227 4078 tur.
263 4025 409 4078 Nonraro
429 4025 553 4078 adhaec
578 4024 648 4077 aliae
672 4040 785 4092 quoque
808 4022 947 4086 rationes,
972 4023 1090 4078 subtiles
1116 4027 1144 4076 et
1166 4023 1245 4092 inge-

173 4093 283 4155 niosae,
312 4091 457 4146 secedunt.
492 4093 663 4160 Plerumque
691 4092 862 4160 Sequentiae
890 4091 988 4146 alienis
1018 4091 1245 4146 accommodatae

172 4160 302 4214 melodiis
325 4163 418 4216 aetate
441 4165 506 4214 sunt
527 4160 690 4223 inferiorem
719 4165 805 4228 atque
830 4159 941 4214 omnine
970 4157 1115 4212 titulorum
1136 4159 1175 4212 'ad
1199 4174 1244 4212 eo·

173 4230 365 4297 gnoseendam
384 4228 601 4296 Sequentiarum
620 4233 742 4283 aetatem
754 4221 1135 4296 magnumest'momentum,
1154 4241 1245 4294 neque

166 4297 265 4350 minus
283 4298 320 4350 ad
340 4297 556 4366 Sequentiarum
580 4297 733 4350 divisiones
758 4301 837 4349 reete
859 4295 1017 4358 faciendas,
1046 4311 1080 4348 ex
1102 4309 1246 4362 eompara-

170 4365 251 4420 tiune
270 4379 376 4429 earum,
395 4381 468 4432 quae
487 4365 609 4422 eudem
625 4365 742 4422 titum
753 4365 872 4418 foeant‘
904 4409 906 4416 .
963 4393 967 4402 ·
