2772 5024
607 427 649 498 tt

95 613 204 668 Domina·
218 613 339 685 sipacre
354 610 479 668 victora.
503 609 554 668 211.
570 614 720 683 tegens.
744 607 872 666 Additur
887 606 1058 682 doxologia:
1073 606 1094 664 J
1100 625 1164 664 esu

56 731 60 744 ι
94 697 165 753 tibi
188 697 243 752 sit
265 696 412 770 gloria,
436 696 639 769 quinctus
663 712 703 750 es
727 693 771 752 de
793 695 949 768 virgine
971 697 1028 750 ete.

166 781 297 854 ¹Munius
319 780 463 854 hymnum
479 779 707 836 Ambrosianum
729 779 801 838 dicit
822 796 920 854 neque
936 783 983 834 est
998 776 1079 852 quod
1094 779 1163 834 Viro

94 868 187 923 Docto
210 867 403 940 refragemur.
449 865 565 922 Etenim
588 862 776 939 apertissime
792 864 923 924 ostendit
939 881 1058 922 emman
1074 864 1163 920 vesti-

96 954 143 1026 gia
164 951 313 1008 Ambrosii
343 953 387 1008 De
410 952 511 1026 Virgg.
535 951 557 1006 I.
583 967 607 1006 c.
632 952 660 1009 2.
685 969 713 1026 p.
742 950 800 1008 147
825 967 868 1024 sq.
894 949 940 1006 ed.
964 949 997 1004 B.
1023 965 1077 1004 nec
1107 966 1162 1003 nos
1201 943 1206 954 ”

94 1038 168 1112 fugit
191 1037 286 1094 sancti
309 1035 410 1092 Patris
434 1035 620 1092 consuetudo
644 1051 679 1092 ex
702 1053 778 1112 qua,
803 1034 883 1110 quod
907 1035 1006 1090 solute
1029 1035 1163 1092 oratione

7 1139 8 1146 ¹
94 1123 239 1196 exposuit,
263 1123 351 1178 etiam
374 1121 509 1177 versibus
527 1123 619 1177 sacris
636 1121 880 1178 accommodavit.
919 1121 1062 1178 Conferas
1085 1135 1163 1194 quae

93 1209 124 1264 in·
144 1207 299 1264 Thesauro
323 1225 358 1263 ex
380 1205 537 1262 Ambrosio
560 1209 828 1282 transscripsimus.
986 1211 989 1220 ’

345 1415 491 1486 Festum
512 1417 650 1502 insipere
670 1419 810 1504 prodiit.
854 1418 907 1485 M.

398 1517 482 1571 Thes.
495 1517 515 1570 Ι.
526 1535 553 1588 p.
569 1519 623 1572 183.
642 1517 686 1572 De
701 1517 856 1590 sagatus.
950 1534 955 1538 ·

178 1632 340 1706 Stropham
362 1633 498 1688 carminis
520 1633 662 1706 primam,
692 1632 772 1708 apud
793 1631 996 1688 Bollandistas
1026 1649 1081 1688 nec
1104 1649 1162 1687 non

90 1720 121 1774 in
145 1717 300 1774 Thesauro
329 1718 405 1774 male
429 1735 601 1792 expressam
624 1719 752 1776 correxit
774 1719 821 1776 Du
843 1718 931 1776 Meril
955 1715 1080 1774 Poe'sies
1104 1721 1161 1772 etc.

90 1803 128 1859 ΙΙ.
152 1821 180 1878 p.
205 1803 277 1862 30¹.

296 1923 417 1980 Festum
439 1924 556 1998 insigne
578 1921 697 1998 prodiit,
723 1924 832 1980 chorus
856 1941 923 1981 cum

297 2005 395 2065 Voces
417 2009 446 2064 in
469 2009 538 2064 aula
560 2015 690 2077 resonet,
715 2013 890 2066 cunctorum

294 2091 358 2152 Deo
381 2092 481 2150 dicata
501 2093 588 2168 plebs
612 2095 727 2153 alterna
750 2099 814 2152 tota

398 2178 523 2240 Pandite
545 2184 623 2239 vota.

525 2311 726 2326 ι-ι-*ι-ι-ιι

131 2391 309 2479 Hymnum
330 2389 457 2458 trasco
478 2389 618 2459 Pacato
644 2391 813 2479 Mapiatrt
834 2389 1031 2460 Scotorum.
1077 2389 1116 2458 B.

140 2522 142 2528 ·
185 2490 225 2545 01.
243 2491 291 2544 Du
309 2491 392 2544 Me'ril
409 2491 524 2546 Poe'sies
542 2493 706 2562 Populaires
725 2493 850 2549 Latines.
869 2494 889 2546 Ι.
909 2512 936 2561 p.
957 2494 1005 2547 147
1025 2510 1066 2561 sq.

175 2603 296 2672 Audite,
321 2623 422 2662 omnes
446 2595 580 2663 amantes
598 2607 701 2675 Deum,
726 2613 830 2664 sancta
852 2609 958 2664 merita
1071 2654 1078 2660 .

174 2692 229 2748 viri
249 2691 283 2768 jn
306 2691 425 2748 Christo
447 2692 528 2748 beati
546 2691 662 2762 *Patrici
685 2695 828 2767 episcopi„

112 2837 116 2842 ,
175 2775 326 2851 quomodo
348 2777 458 2833 bonum
480 2777 516 2833 ab
540 2783 639 2834 actum
663 2779 809 2847 similatur
831 2779 956 2854 angelis

174 2861 400 2936 perfectamque
422 2869 546 2937 propter
568 2865 659 2920 vitam
682 2869 829 2940 aequatur
851 2861 1005 2939 apostolis.

132 2980 152 3038 5
176 2980 263 3037 Beati
287 2981 397 3038 Christi
421 2981 552 3040 custodit
574 2983 715 3040 mandata
737 2986 767 3040 in
790 2985 956 3059 omnibus„

175 3067 259 3122 cuius
284 3083 375 3140 opera
396 3069 547 3144 refulgent
570 3069 651 3126 clara
673 3072 750 3126 inter
771 3070 915 3138 homines,

176 3156 373 3228 sanctumque
397 3155 481 3210 cuius
505 3160 671 3229 sequuntur
694 3156 861 3230 exemplum
884 3157 1047 3222 mirificum,

133 3250 138 3255 ·
175 3236 253 3294 unde
278 3243 309 3294 et
330 3240 360 3294 in
383 3239 475 3296 coelis
497 3245 614 3313 patrem
638 3242 809 3316 magnificat
831 3242 995 3300 Dominum.

175 3356 325 3414 Constans
348 3359 379 3414 in
400 3358 456 3414 Dei
479 3361 594 3426 timore,
619 3365 649 3416 et
671 3359 730 3416 fide
752 3359 919 3427 immobilis,

1 3446 5 3456 '
116 3441 153 3498 to
175 3459 349 3518 superque
372 3443 557 3511 aedificatur,
579 3450 614 3501 ut
636 3445 757 3502 Petrum
779 3446 929 3514 Ecclesia;

175 3529 322 3603 cuiusque
344 3529 533 3602 apostolatus
557 3547 575 3585 a
596 3529 660 3586 Deo
683 3533 807 3594 sortitus
831 3537 907 3598 est(

174 3614 203 3668 in
227 3615 312 3670 cuius
334 3619 440 3687 portae
464 3614 623 3672 adversum
645 3617 750 3672 inferni
773 3633 832 3672 non
854 3617 1038 3690 praevalent.
1114 3631 1116 3636 ’

174 3731 318 3790 Dominus
340 3733 422 3790 illum
446 3733 546 3810 elegit,
570 3739 604 3790 ut
626 3734 915 3793 doceret'barbaras

175 3820 321 3885 nationes,
345 3825 376 3876 et
397 3821 530 3893 piscaret
552 3837 607 3894 per
629 3819 783 3878 doctrinae
805 3823 890 3888 retia,
915 3849 918 3856 ⁴

116 3899 152 3957 15
175 3907 205 3959 et
227 3901 265 3959 de
289 3905 410 3961 saeculo
435 3905 593 3971 credentes
617 3906 751 3964 traheret
772 3907 811 3962 ad
834 3908 970 3982 gratiam,

173 3986 403 4064 Dominum-qni
426 3996 624 4066 sequerentur
647 3991 749 4048 sedem
772 3992 810 4054 ad
832 3993 1012 4052 aetheream.

173 4107 278 4164 Electa
301 4109 412 4167 Christi
434 4111 549 4168 talenta
570 4111 673 4169 rendit
696 4113 880 4188 evangelica,

164 4207 250 4268 'quae
272 4193 421 4252 Hibernas
442 4190 520 4253 inter
542 4201 649 4271 gentes
673 4215 740 4254 cum
762 4200 860 4256 usuris
884 4199 984 4272 exigit,
1036 4231 1043 4235 -

174 4280 288 4354 navigrs
310 4280 402 4350 huius
421 4281 532 4338 laboris
556 4287 618 4338 tum
641 4300 751 4356 operae
773 4286 902 4358 pretium

114 4360 155 4418 2⁰
177 4380 247 4422 cum
267 4365 387 4424 Christo
410 4369 495 4443 regni
517 4367 659 4426 coelestis
680 4385 879 4443 possessurus
902 4368 1051 4445 gaudium.
