2788 5024
249 609 350 650 earum
373 595 581 668 antiquitatem
602 613 662 651 non
680 595 828 654 modicum
850 593 987 655 redolet“
1002 597 1135 660 -,haee
1157 597 1291 655 mihi'sae-

249 680 349 736 ouium
362 679 476 736 decimo
501 686 607 754 quarto
630 685 769 755 superius
784 683 951 758 -indigitare
974 686 1039 742 visa
1062 689 1138 742 sunt.
1165 683 1220 740 Sed
1238 703 1291 757 pro·

247 765 369 840 pensior
391 771 438 822 est
453 765 577 822 Monius
600 767 630 822 in
652 767 798 825 Thesauri
822 770 968 828 editorem
991 769 1201 844 castigandum.
1224 773 1229 782 '
1369 835 1371 840 .

333 850 459 908 Carmen
488 851 655 908 Marianum
677 852 752 912 6⁰1:
792 854 870 912 Osi
907 858 1037 932 scirem
1074 857 1295 926 consentirem
1370 919 1371 930 ἶ

195 944 197 950 “
247 937 371 992 metrica
393 937 508 994 ratione
531 937 619 995 valde
643 938 796 1014 discrepat
819 957 836 996 a
860 959 883 998 s.
906 941 1016 998 Kiliani
1030 943 1196 1016 praeconio.

680 1155 883 1169 --.-.-.....,-...

332 1313 402 1372 512.
436 1300 479 1384 [0
496 1305 650 1389 praesui
668 1326 776 1373 aerae
799 1308 960 1372 aiebatis.
1005 1317 1049 1374 De
1073 1319 1102 1374 S.
1126 1315 1296 1398 Disibodo.

246 1397 335 1456 Mene
358 1399 408 1457 III.
430 1417 460 1472 p·
484 1395 567 1465 aba]

334 1523 359 1577 1.
384 1519 408 1574 Ο
432 1519 554 1592 praesul
590 1536 679 1576 verae
717 1521 860 1590 civitate,
899 1524 949 1596 qui
982 1524 1011 1578 in
1034 1523 1147 1596 templo
1170 1521 1298 1596 angularis

246 1605 355 1680 lapidis
378 1603 544 1660 ascendens
566 1606 596 1660 in
617 1606 734 1662 coelum
756 1608 785 1662 in
808 1613 889 1664 terra
910 1613 1080 1686 prostratus
1103 1609 1299 1682 fuistipropter
1348 1610 1353 1616 '

246 1691 342 1749 deum.
863 1759 865 1766 Ι
1061 1743 1064 1748 .
1287 1731 1290 1734 -

331 1779 359 1837 2.
384 1776 429 1832 Tu
451 1777 627 1850 peregrinus
650 1795 668 1834 a
692 1779 803 1837 semine
825 1778 927 1836 mundi
959 1777 1142 1838 desiderasti
1163 1779 1228 1836 exul
1245 1776 1297 1833 fieri

247 1867 371 1937 propter
393 1879 524 1918 amorem
547 1857 666 1922 Christi.
789 1865 791 1870 ’

330 1948 358 2006 3.
384 1948 408 2003 0
432 1965 516 2003 mons
540 1947 661 2004 clausae
683 1951 805 2018 mentis,
843 1956 876 2006 tu
893 1939 896 1944 ¹
913 1949 1033 2007 assidue
1055 1949 1192 2024 pulcram
1212 1945 1300 2004 facien

246 2034 390 2113 aperuisti
413 2035 443 2088 in
466 2033 589 2106 speculo
613 2034 777 2092 columbae.

330 2121 358 2176 li.
382 2117 428 2174 Tu
449 2119 479 2173 in
502 2118 648 2174 absconso
671 2121 785 2176 latuisti
807 2120 970 2178 inebriatus
1000 2119 1092 2177 odore
1114 2121 1232 2188 florum,
1253 2133 1300 2192 per

246 2206 397 2264 cancellos
421 2209 591 2261 sanctorum
614 2207 743 2262 emicans
768 2205 832 2261 deo.
937 2205 939 2212 “
1113 2199 1114 2204 ’

332 2291 360 2348 5.
386 2289 410 2345 Ο
435 2291 551 2346 culmen
573 2291 603 2344 in
626 2291 759 2346 clavibus
777 2293 868 2359 coeli,'
886 2291 967 2366 quod
982 2297 1107 2366 propter
1130 2291 1301 2366 perspicuam

219 2396 221 2406 ¹
246 2380 338 2438 vitam
360 2373 501 2430 mundum
537 2373 713 2443 vendidisti,
750 2376 809 2432 hoc
838 2383 1002 2446 certamen,
1040 2378 1116 2434 alme
1156 2377 1300 2439 confessor,

248 2479 366 2537 semper
388 2461 482 2517 habes
505 2461 535 2515 in
558 2459 684 2516 dominu.

333 2547 360 2606 6.
384 2547 418 2602 In
441 2552 492 2602 tua
515 2547 592 2602 enim
614 2552 714 2603 mente
736 2547 802 2602 fons
832 2549 917 2606 vivus
949 2547 1113 2604 clarissima
1136 2549 1204 2604 luce
1224 2545 1303 2620 puris·

247 2636 337 2692 simos
360 2631 471 2688 rivulos
495 2630 595 2687 eduxit
617 2633 771 2705 perviam
795 2633 908 2690 salutis.

331 2717 359 2778 7.
382 2717 427 2772 Tu
451 2733 558 2790 magna
580 2720 671 2774 turris
694 2723 764 2774 ante
787 2719 880 2775 altare
895 2720 1000 2774 summi
1013 2717 1061 2774 dei
1077 2723 1108 2775 et
1124 2719 1213 2776 huius
1228 2714 1302 2774 tum's

247 2806 366 2868 culmen
387 2801 570 2858 obumbrasti
592 2821 646 2876 per
669 2805 781 2860 fumum
803 2809 977 2860 aromatum.

333 2892 360 2948 8.
385 2889 410 2944 Ο
432 2885 590 2955 Disibode‚
628 2890 657 2944 in
695 2897 746 2946 tuo
769 2890 884 2950 ,lumine
910 2907 966 2964 per
994 2889 1130 2963 exempla
1156 2889 1223 2963 puri
1251 2883 1303 2942 soni

135 3025 144 3033 .
246 2975 379 3034 membra
410 2973 551 3028 mirificae
581 2973 677 3030 laudis
713 2974 879 3032 aedificasti
908 2977 937 3031 in
967 2973 1082 3032 duabus
1105 2974 1241 3050 partibus
1261 2985 1304 3044 per

248 3064 341 3119 filium
362 3060 499 3115 huminis.
1186 3113 1191 3127 „

331 3146 359 3206 9.
383 3145 417 3200 in
440 3144 500 3200 alto
525 3148 588 3200 sias
612 3163 671 3202 non
694 3145 874 3202 erubescens
892 3151 960 3202 ante
973 3145 1062 3202 deum
1073 3147 1177 3203 vivum
1200 3149 1230 3202 et
1249 3157 1305 3216 pro·

245 3235 324 3309 tegis
346 3229 433 3289 viridi
455 3247 522 3284 rore
545 3229 703 3288 laudantes
727 3231 814 3304 deum
836 3233 895 3288 ista
916 3249 999 3289 voce.
1246 3307 1247 3310 Ἴ

333 3317 380 3376 10.
405 3315 430 3371 O
454 3313 549 3370 dulcis
571 3318 633 3373 vita
656 3323 686 3372 et
708 3335 726 3372 o
748 3317 838 3394 beata
860 3319 1094 3390 perseverentia,
1119 3334 1197 3391 quae
1211 3317 1240 3372 in
1259 3312 1305 3367 hoc

244 3403 334 3462 beato
358 3399 511 3482 Disibodo¹
538 3402 700 3474 gloriosum
736 3403 836 3458 iumen
871 3420 990 3476 semper
1012 3403 1179 3460 aedificasti
1201 3405 1230 3458 in
1251 3413 1305 3454 coe·

245 3492 315 3548 lesti
337 3487 514 3545 Jerusalem.
1189 3484 1196 3487 ’

336 3575 385 3633 11.
408 3573 493 3628 Nune
518 3573 556 3628 sit
578 3573 644 3628 laus
668 3573 724 3630 deo
761 3574 791 3630 in
820 3574 914 3630 forma
941 3575 1064 3648 pulcrae
1087 3579 1229 3630 tonsurae
1249 3568 1305 3628 viri·

245 3663 316 3719 liter
332 3663 494 3733 ,operante

335 3747 382 3804 12.
405 3745 444 3800 Et
466 3745 586 3816 superni
604 3745 683 3802 cives
700 3745 851 3819 gaudeant
867 3745 904 3802 de
919 3747 976 3813 bis,
1000 3748 1051 3821 qui
1075 3763 1127 3804 eos
1150 3746 1209 3800 hoc
1230 3737 1305 3798 modo

243 3835 405 3892 imitantur.

331 3951 421 4008 Mone
443 3951 462 4008 1.
485 3967 527 4006 e:
543 3949 602 4008 Hs.
624 3969 659 4007 zu
689 3951 871 4018 Wiesbadea‚
905 3951 952 4008 12.
975 3953 1075 4008 Jahrb.
1113 3949 1237 4007 mittier
1256 3941 1306 4002 Me

249 4037 332 4097 lodie.
352 4065 353 4068 ¹
377 4035 462 4094 steht
482 4053 527 4093 om
545 4037 681 4094 Scblusse
704 4037 756 4093 der
785 4038 889 4094 Werlcc
911 4038 963 4093 der
986 4039 1011 4095 b.
1026 4037 1180 4111 Hildeport
1200 4033 1259 4090 aad
1276 4031 1308 4084 isi

246 4123 484 4218 wabrscbqinlicb
506 4141 560 4180 oon
584 4123 630 4178 ilar
652 4125 787 4196 versasst.

687 4287 889 4296 ———-·--——-
