2772 5024
600 421 643 492 ⁵⁷
728 461 734 466 .

323 596 468 666 Acerra
487 595 655 666 tenebrae
674 595 822 684 meae.
864 594 917 664 Μ.

339 701 423 754 Thes.
442 699 463 752 I.
482 716 509 766 p.
528 700 585 752 itt.
607 699 653 752 Ad
671 695 898 766 Complatorinm.

169 813 317 872 Arevalus
345 815 373 872 2.
400 817 534 880 tetrae,
571 817 654 868 recte
683 811 794 886 opinor.
841 809 887 869 13.
909 809 1016 868 Nenle:
1064 809 1154 880 mam

94 909 219 978 corrupte
238 901 321 977 apud
333 899 500 956 Mozarctes
523 899 657 973 leuantur
679 898 785 971 tymni,
809 897 855 953 tic
877 914 979 953 ocreas
1000 898 1040 953 stt
1058 913 1156 952 exem·

90 989 145 1064 pto:
167 989 217 1061 qai
238 989 269 1043 ia
290 987 446 1043 Breoiarto
468 991 499 1041 et
519 984 597 1060 apud
613 983 792 1062 Itomasiam
815 985 857 1038 tta
879 983 1001 1038 tutetur
1024 980 1154 1052 „Somno

94 1070 212 1148 ‹suiescit
234 1064 350 1147 grata.“
397 1070 531 1128 Correxit
554 1087 674 1126 somno
698 1067 802 1144 quies
826 1069 873 1124 rit
896 1070 1006 1143 grata.
1050 1067 1097 1124 18.
1120 1070 1156 1122 et

94 1159 246 1234 spiritus.

308 1331 470 1402 Gaudete
492 1331 605 1420 fiores
627 1334 829 1419 martyram.
871 1329 925 1398 M.

91 1437 119 1490 in
133 1437 219 1493 Festo
244 1436 293 1489 SS.
315 1421 420 1488 Acis¹cli
442 1437 471 1486 et
494 1433 632 1486 Comitum
655 1431 715 1512 eius
738 1432 805 1486 ΜΜ.
829 1432 975 1500 (Prudent.
994 1430 1151 1512 Peristoph.

128 1507 148 1567 1,
165 1507 213 1572 ta>
233 1503 279 1558 die
296 1501 386 1584 XVIL
404 1502 481 1556 Nor:
493 1501 759 1624 ichertpcpueAirrpvrpliitio
777 1501 924 1554 Adventus
943 1500 1116 1554 Moaarabicr

148 1685 298 1754 Gaudete,
322 1685 411 1741 flores
433 1682 608 1758 Martyrum,
684 1682 840 1740 Adventus
862 1682 910 1739 hic
933 1685 1046 1758 primus
1068 1683 1133 1752 suit,

149 1773 283 1840 Salvete,
306 1771 410 1846 plebes
434 1771 580 1845 gentium3
685 1767 793 1826 Punite
817 1787 876 1844 quo
899 1787 958 1826 non
981 1769 1134 1826 saeculum

146 1859 254 1914 Visum
275 1874 330 1932 per
353 1861 435 1912 astra
457 1857 574 1924 mittite,
687 1855 787 1912 Venit:
813 1854 867 1911 sed
889 1855 974 1912 ulcus
999 1861 1118 1930 tergere

149 1944 280 2018 Sperate
304 1944 422 2018 signum
445 1943 567 2017 gloriae.
627 1941 667 2000 20
691 1939 840 1997 Salvando
864 1939 945 2015 quod
966 1942 1106 2014 perierat.

108 2063 124 2120 t
146 2064 248 2120 Voces
259 2061 477 2136 Prophetarum
492 2066 607 2128 sonant,
688 2060 729 2115 At
738 2076 815 2116 nunc
826 2059 975 2116 secundus
983 2063 1159 2133 praemonet

148 2149 259 2206 Venire
275 2148 427 2204 Christum
445 2148 599 2214 nunciant3
687 2143 805 2201 Adesse
829 2145 979 2202 Christum
1001 2146 1107 2212 ianuis,
1177 2151 1180 2171 ¹

150 2233 378 2307 Redemptionis
399 2233 531 2308 praevia,
568 2277 571 2287 ,
633 2291 637 2301 ,
688 2231 805 2288 Sanctis
830 2248 955 2288 coronas
979 2230 1100 2299 addere,

151 2319 216 2389 Qua
238 2337 295 2376 nos
317 2318 451 2388 redemit,
476 2319 580 2392 gratia.
689 2316 832 2391 Coelique
854 2334 948 2392 regna
970 2317 1110 2391 pandere.
1172 2311 1174 2315 ’

149 2439 205 2496 Hic
221 2443 454 2496 manenostrum
468 2437 665 2518 promicat,25
689 2436 821 2494 Aeterna
842 2437 892 2494 lux
914 2439 1105 2510 promittitur,

94 2525 129 2584 10
150 2525 188 2580 Et
208 2523 302 2582 eorda
320 2525 401 2582 laeta
417 2528 601 2591 exaestuant,
691 2522 840 2597 Sidusque
860 2523 979 2581 salvans
998 2525 1156 2598 promitur:

151 2609 226 2667 Cum
248 2627 306 2668 vox
327 2599 599 2683 fidelis¹personat‚
687 2607 750 2664 Iam
772 2607 935 2665 nosiubar
955 2607 1137 2684 refulgidum
1226 2645 1228 2655 .

152 2694 398 2754 Praenuuciatrix
420 2695 542 2770 gloriae.
688 2693 737 2750 Ad
758 2695 805 2750 ius
828 2699 917 2751 vocet
939 2694 1123 2751 coelestium.

10 2855 11 2858 η
152 2815 267 2873 Tantae
291 2817 397 2872 salutis
421 2814 570 2890 gaudium,
689 2813 741 2880 Te,
766 2813 893 2880 Christe,
923 2813 1019 2870 solnm
1042 2815 1159 2890 quaeri-

151 2900 216 2970 Quo
234 2906 282 2958 est
296 2901 484 2975 redemptum
499 2917 604 2956 saecu·
928 2917 994 2956 mus

335 3037 337 3044 .
367 2988 464 3054 ium,
625 2985 666 3043 30
688 2983 806 3052 Videre,
831 2985 908 3042 sicut
931 3002 963 3042 es
986 2985 1081 3042 Deus:

10 3071 11 3074 ’
98 3069 130 3130 15
151 3071 343 3146 Exceptionis
366 3072 510 3146 inclytum
688 3070 728 3128 Ut
749 3071 831 3128 laeta
852 3089 907 3128 nos
929 3071 1005 3128 haec
1028 3073 1103 3128 risio

152 3157 194 3214 Ex
214 3158 275 3240 hoo
293 3175 433 3216 canamus
451 3157 606 3214 canticum.
689 3155 807 3213 Evellat
829 3159 908 3214 omni
930 3157 1065 3214 Tartaro.

357 3277 423 3347 Quo
447 3277 526 3344 dum,
548 3274 742 3348 Redemptor,
765 3279 884 3350 veneris
917 3299 922 3306 ·

356 3363 431 3420 Cum
453 3359 618 3418 candidatis
640 3361 808 3435 Martyrum
1012 3357 1014 3360 ’

293 3449 334 3508 35
356 3447 469 3515 Globis,
493 3446 607 3503 adunes
631 3447 730 3503 coeliti

357 3535 420 3591 Nos
444 3537 514 3590 tuno
536 3530 643 3588 beatos
667 3535 774 3588 coetui.

172 3653 259 3710 Nunc
289 3655 319 3710 in
348 3653 473 3728 Proprio
499 3653 663 3726 Hispaniae
700 3649 739 3710 17
759 3651 835 3708 Nov.
859 3651 966 3708 colitur
992 3651 1102 3710 festum
1130 3651 1162 3711 S.

95 3735 198 3796 hciscli
220 3744 252 3796 et
273 3739 423 3810 Victoriae
444 3739 549 3796 Mart:
575 3737 629 3793 sed
650 3737 761 3811 hymno
785 3737 915 3793 officium
938 3741 1029 3794 caret.

297 3912 513 3984 Cunctorum
538 3937 606 3984 ren
628 3917 860 4004 omnipotens.
903 3913 955 3982 M.

520 4018 565 4074 De
587 4019 727 4072 Adventu.
760 4042 766 4104 ἑ

132 4111 312 4171 Cunctorum
331 4131 384 4172 rex
403 4116 600 4190 omnipotens,
624 4115 643 4174 5
667 4113 724 4183 Qui
746 4117 853 4187 regnat
876 4130 943 4170 cum
966 4113 1131 4182 ditissimo,

61 4271 65 4276 Ι
131 4196 274 4256 Mundum
297 4200 414 4258 salvare
436 4202 569 4269 veniens,
665 4199 795 4274 Virginis
817 4200 909 4256 intrat
932 4205 1059 4266 uterum,

132 4282 302 4360 desumpsit
323 4285 448 4342 tonnam
470 4287 605 4368 comerio
667 4285 845 4342 Nasciturus
867 4285 898 4340 in
920 4301 1047 4359 corpore
1077 4315 1083 4346 s

132 4365 258 4452 Nostrae
281 4369 489 4428 similitudinis.
666 4370 773 4428 Mortis
796 4369 894 4428 vincla
916 4367 1110 4444 disrumpere.
