2848 5030
235 624 262 683 7.
285 625 481 682 Daemonicas
505 623 628 680 domans
650 625 749 682 rabies
773 629 864 702 atque
887 627 1048 682 sanitatum
1070 625 1204 684 tribuens
1223 639 1288 683 me-

418 709 573 776 dicamina,

230 789 261 854 'a
284 795 322 852 Et
343 798 459 853 veniam
481 796 574 870 lapsis
598 794 763 869 deprecans
793 797 855 871 iugi
886 795 1135 871 supplicationum
1166 799 1288 854 sancto-

306 903 312 915 ·
414 899 480 937 rum
502 883 652 950 instantia,
813 931 820 946 ‚
1186 947 1192 960 ,

233 965 260 1023 9.
282 965 346 1022 Nec
368 984 426 1022 non
449 968 533 1041 pacis
557 966 666 1042 gaudia
689 971 719 1022 et
741 967 917 1024 transitivae
947 969 1026 1025 vitae
1055 965 1211 1024 commoda
1240 973 1288 1024 at-

415 1069 473 1126 que
497 1054 678 1126 sempiterna
701 1069 767 1108 cum
790 1055 902 1110 sanctis
924 1055 1066 1127 praemia,

213 1135 260 1198 ru.
284 1135 332 1194 Ad
355 1153 433 1211 quae
455 1137 660 1196 meretricibus
683 1143 714 1196 et
727 1138 895 1212 publicanis
917 1140 995 1198 viam
1008 1137 1141 1214 pandere
1158 1154 1288 1197 consue·

414 1224 483 1280 visti
505 1217 677 1297 poenitendi
698 1222 839 1291 remedia,

213 1309 258 1365 11.
282 1307 324 1364 Te
348 1314 483 1365 sanctum
504 1327 559 1382 pro
582 1311 692 1364 nostris
714 1309 847 1366 reatibus
877 1308 916 1366 ad
944 1311 1148 1374 ,cruciamenta
1177 1309 1285 1367 voleus
1398 1310 1401 1314 ’

412 1393 611 1467 permittendo
634 1393 877 1470 probrosissima,¹

212 1461 320 1536 12¹1st
342 1481 385 1535 tui
407 1479 559 1560 particeps
584 1481 706 1554 spiritus
730 1479 767 1536 ad
790 1481 884 1554 patris
908 1479 1060 1536 dexteram
1081 1479 1195 1536 infinita
1213 1493 1286 1552 per·
1341 1481 1347 1495 ‘

411 1565 545 1621 fruamur
567 1566 671 1640 gloria.

292 1683 383 1740 Mene
405 1683 454 1742 111.
478 1704 506 1758 p.
530 1685 599 1742 310.
645 1683 707 1750 (Hs.
731 1703 767 1740 nu
786 1685 820 1750 S.
845 1683 951 1742 Gallen
973 1685 1027 1744 No.
1051 1683 1132 1751 378).
1169 1683 1285 1740 Notlre-

206 1785 272 1824 rum
302 1771 439 1826 carminis
471 1775 624 1828 auctorem
653 1771 790 1844 agnoscit
820 1770 947 1828 Monius.
991 1769 1025 1826 In
1056 1769 1166 1829 Codice
1189 1769 1284 1826 Monii

207 1858 306 1911 exstat
329 1855 445 1911 titulus:
469 1856 557 1911 Dies
581 1855 852 1915 sanctificatus,
898 1855 1040 1932 Sequitur
1070 1873 1189 1914 carmen
1219 1872 1284 1911 mo-

207 1938 277 1994 dum
300 1939 482 2014 sequentiae
510 1941 629 1997 Natus
652 1946 735 1996 ante
759 1941 921 1998 saecula.

205 2269 225 2355 S
258 2201 531 2370 Gipp.][Dilccte
561 2203 639 2272 Deo
671 2201 770 2272 Galle
789 2206 959 2310 'perenna
1002 2213 1035 2272 B.
1066 2212 1217 2270 Notkeri
1241 2209 1281 2270 de

226 2343 233 2358 .
289 2316 308 2356 a
344 2317 371 2356 0.
1078 2329 1080 2338 ¹

289 2400 379 2457 Thes.
402 2401 438 2457 ΙΙ.
461 2419 488 2474 p.
512 2402 562 2461 25.
579 2402 649 2462 384.
686 2401 751 2460 Una
773 2419 808 2460 ex
832 2403 1002 2476 sequentiis
1018 2401 1149 2460 Notkeri.
1187 2401 1282 2456 Mene

202 2484 252 2544 III.
277 2487 346 2544 311.
392 2485 466 2552 (Aus
497 2488 593 2542 einem
622 2487 803 2546 Murbacher
824 2487 987 2544 Messbuch
1018 2486 1072 2544 des
1102 2488 1148 2546 ¹2.
1170 2485 1280 2542 Jahrb.

203 2589 238 2628 zu
256 2571 393 2640 Colman).
440 2573 465 2628 l.
490 2563 628 2628 dilecte
652 2572 738 2640 Deo,
761 2579 794 2629 ut
817 2574 846 2628 in
861 2572 941 2630 Peaii
958 2577 988 2628 et
1002 2571 1146 2628 Brand'eri
1163 2570 1279 2628 codice.

203 2657 231 2716 3.
254 2657 329 2716 Mo:
354 2658 459 2714 nanee
479 2666 555 2716 serzi
579 2657 649 2714 Jcsu
678 2659 708 2714 in
730 2659 909 2722 Klammern,
940 2660 1007 2716 weil
1033 2659 1087 2714 der
1114 2659 1185 2714 Vera
1206 2658 1281 2712 arvei

1421 2355 1423 2440 l

203 2743 309 2815 Sylten
332 2760 367 2799 zn
390 2745 447 2800 ciel
467 2744 548 2810 bate,
572 2761 631 2802 roas
654 2745 723 2800 nter
745 2744 891 2820 anriclstip
906 2747 952 2800 ist.
990 2743 1058 2800 Viro
1073 2742 1162 2799 docto
1179 2742 1279 2816 magis

200 2828 314 2900 placuit
336 2830 473 2886 omittere
495 2829 525 2884 in
549 2829 742 2903 sequentibus
765 2846 870 2888 vocem
894 2827 1039 2896 arduae,
1064 2827 1201 2886 corticum
1225 2843 1279 2884 au·

201 2916 340 2970 ctoritate
364 2913 607 2972 commendatam.
646 2915 687 2969 At
702 2933 772 2970 vero
797 2913 913 2971 candidi
935 2913 1059 2981 iudices,
1084 2916 1198 2988 opinor,
1215 2929 1280 2969 me·

201 3016 269 3056 cnm
292 3001 431 3054 emittent
453 3015 558 3056 vocem
580 2999 678 3073 Iesus,
702 3017 780 3074 quae
803 2998 966 3056 desiderari
992 3004 1096 3074 potest
1126 3004 1157 3059 et
1188 2998 1279 3054 facile

97 3071 104 3082 '
199 3082 269 3140 addi
291 3085 392 3157 potuit
414 3101 431 3140 a
453 3083 585 3160 librario:
610 3083 781 3142 retinebunt
810 3083 962 3153 arduae,
995 3083 1077 3160 quod
1107 3085 1278 3142 sententiae

199 3169 341 3242 strophae
364 3171 489 3227 maxime
506 3171 651 3228 convenit.
690 3171 764 3226 Nam
786 3169 868 3245 quod
890 3169 929 3227 ad
949 3171 1102 3228 metricam
1117 3171 1277 3236 rationem,

197 3255 316 3312 Monius
339 3261 372 3310 ut
395 3273 486 3330 saepe
510 3273 593 3312 suam
622 3257 812 3330 partitionem
842 3257 982 3314 invictam
1014 3255 1096 3314 ducit
1126 3259 1157 3312 et
1186 3256 1278 3310 unice

197 3357 310 3398 veram:

553 3425 790 3502 Hominibusque

553 3517 584 3569 et
607 3513 743 3570 coetibus
765 3513 939 3588 angelorum

553 3600 604 3672 qui
625 3597 717 3654 Ihesu
740 3597 850 3655 Christi

457 3719 462 3726 -
554 3683 696 3742 obediens
720 3684 850 3741 suasioni
868 3711 912 3720 —

279 3853 385 3929 Itaque
401 3855 511 3912 retinet
533 3853 615 3911 Iesu
639 3859 672 3910 ut
687 3834 819 3928 quinque
834 3853 968 3927 syllabae
983 3850 1189 3927 respondeant
1203 3853 1276 3909 voci

192 3937 419 4007 hominibus,
443 3940 556 4013 expulit
578 3939 734 4006 arduae,
758 3945 791 3995 ut
813 3953 891 4014 quae
914 3945 1081 4013 sequuntur
1104 3944 1276 3994 consonent

193 4041 260 4080 cum
285 4024 504 4099 superioribus:
527 4024 820 4099 hominibusque.
821 4071 839 4112 Ι.
864 4025 927 4099 Ego
951 4041 1022 4082 vero
1044 4025 1087 4080 ita
1109 4023 1196 4098 lego:
1223 4027 1228 4035 ¹

366 4162 541 4219 Hominibus
557 4149 595 4218 ¹et
620 4162 754 4218 coetibus
779 4163 953 4235 angelorum
982 4215 985 4224 ,

341 4248 416 4324 ι(11ιί
439 4247 549 4304 Christi
573 4245 715 4304 obediens
739 4247 849 4303 arduae
873 4243 1004 4302 suasioni

189 4389 220 4442 et
241 4400 338 4443 meam
361 4386 540 4462 scripturam
562 4401 621 4445 nou
644 4383 721 4442 duco
744 4383 850 4444 salsam
876 4383 925 4445 vel
954 4381 1132 4452 absurdam,
1164 4381 1221 4442 sed
1252 4399 1272 4440 a
