2772 5024
703 412 767 491 1⁵8

206 588 431 674 credita'fuisse
452 617 543 681 suppa
564 603 749 678 scripsimus:
771 601 950 684 &metiente
972 607 1099 677 tempore
1127 599 1275 660 assumtus
1309 594 1312 605 '
1379 583 1381 600 ¹

205 685 245 744 acl
264 690 392 761 repimen
413 688 495 744 urbis
516 689 690 761 Ls'nponicac
711 689 870 745 Reinaldus
898 689 1060 763 Episcopus
1083 691 1155 764 piae
1176 705 1275 745 recor·

191 773 341 840 ,dationis
365 775 415 846 qui
437 773 563 830 decimus
583 773 661 831 sedit
685 780 753 830 aute
782 775 970 830 cannabilem
999 775 1193 840 ll'ilbelrnnrn‚
1225 777 1274 846 qui

205 875 281 916 nunc
302 864 348 914 est
373 859 481 914 electus
509 865 616 916 nosten
675 860 724 916 Vir
753 860 802 916 ille
831 859 943 932 anicien
973 861 1138 934 spectabilis
1165 877 1275 932 penore
1379 853 1381 860 ‘

202 945 280 1018 suit;
301 943 355 1000 secl
375 944 549 999 nobilitatem
569 947 687 1018 pencris
709 945 975 1011 honestamentum,
999 951 1029 1000 et
1049 945 1204 1019 maniplos
1227 945 1276 1000 lit-

183 1035 332 1100 ‚raama
355 1031 478 1085 scientia
500 1030 671 1086 illustrabat.
707 1031 771 1086 Non
785 1031 876 1086 solum
899 1031 1065 1087 liberalibus
1079 1030 1186 1086 studiis
1208 1047 1275 1086 eru-

123 1125 127 1136 ‘
202 1114 282 1196 stitus
301 1114 370 1186 fuit,
393 1113 446 1170 sed
465 1117 617 1187 utriusque
641 1118 804 1172 testamenti
820 1117 940 1190 popinis
961 1116 1143 1186 sufficienter
1164 1117 1276 1171 instru-
1380 1101 1381 1168 J

204 1207 276 1256 ctus.
328 1199 397 1274 Ipsa
426 1201 500 1255 euim
530 1202 593 1256 eius
622 1219 709 1276 opera
740 1203 929 1257 testimonium
960 1201 1118 1274 perbibent
1145 1202 1273 1257 ueritati.
1380 1231 1381 1242 2

205 1285 275 1342 Nam
297 1301 360 1341 cum
382 1285 444 1359 ipsc
467 1292 579 1342 teneret
599 1289 760 1342 comitatum
784 1286 1035 1353 Tornadorensenr‚
1060 1293 1089 1342 et
1110 1288 1275 1341 comitatum

204 1371 295 1430 Burri
316 1383 412 1445 super*
432 1370 592 1443 Sequanam
611 1391 669 1446 pro
697 1375 760 1428 suis
788 1373 953 1445 nepotibus,
988 1374 1038 1444 qui
1067 1379 1152 1427 ararit
1166 1370 1276 1427 adbuc
1379 1381 1381 1428 f

199 1457 326 1534 paruuli,
344 1461 468 1530 propter
490 1456 649 1513 discordias
672 1456 826 1530 quaemus,
850 1460 926 1513 sicat
947 1455 1069 1524 dicitur,
1093 1457 1160 1512 Rea
1182 1457 1275 1510 Frau—
1380 1483 1381 1496 2

204 1559 310 1608 cunm,
334 1543 384 1615 qui
407 1548 473 1598 tunc
495 1549 577 1608 erat,
601 1546 693 1617 ipsum
718 1543 811 1598 tenuit
831 1543 861 1597 in
883 1542 1064 1600 Noaiomeusi
1085 1543 1220 1606 avitare,
1244 1542 1275 1596 in
1380 1551 1381 1600 ζ

205 1629 282 1684 turri
302 1627 387 1682 inccta
403 1633 536 1700 portam:
558 1629 606 1684 nbi
627 1645 683 1683 non
703 1629 820 1700 fractus
842 1627 1033 1693 aduersitate,
1060 1627 1114 1682 sed
1132 1627 1274 1700 panem,
1380 1645 1381 1698 3

205 1714 273 1786 quia
295 1713 475 1785 intellipebat
495 1712 572 1784 qscoci
589 1714 681 1785 filium
704 1731 784 1785 quen
808 1712 905 1784 dilipit
923 1713 1054 1785 popellos
1074 1713 1170 1777 Dens,
1200 1711 1277 1782 fecit
1379 1745 1381 1782 t

204 1798 350 1870 hymnum,
375 1804 405 1852 et
424 1797 577 1854 modulatis
600 1799 713 1854 uocibus
735 1798 899 1854 decantarit
925 1815 988 1853 cum
1005 1799 1109 1872 pueris
1131 1799 1161 1852 in
1184 1799 1276 1852 ramis
1380 1843 1381 1852 ,

198 1882 370 1957 palmarum,
393 1883 520 1938 scilicet:
545 1883 643 1940 Gloria
666 1885 738 1939 laus.
783 1883 850 1956 Ipse
879 1885 964 1939 enam
987 1885 1073 1939 ritum
1096 1883 1173 1938 beati
1194 1881 1276 1936 Mar·
1379 1935 1381 1960 i

204 1970 278 2041 tyris
300 1967 478 2032 (Mauortis)
502 1971 652 2026 transtulit
672 1969 707 2024 cle
725 1967 833 2025 Graeco
855 1970 884 2024 in
898 1961 1038 2025 Latinum.
1055 1993 1098 2004 -·
1112 1967 1193 2022 Haec
1215 1967 1275 2033 ille,

203 2071 285 2127 quen
307 2053 482 2126 sequendum
506 2061 654 2129 pataron,
678 2055 736 2110 nisi
757 2055 862 2110 nentia
891 2055 1004 2110 illorum
1034 2069 1167 2110 ausuum
1197 2051 1278 2126 apnsl

202 2139 353 2196 Alcuinuru
381 2135 516 2195 obstaret.
540 2167 583 2176 -—-
603 2167 647 2176 -
669 2139 710 2194 At
738 2155 809 2195 vero
839 2143 922 2194 reete
952 2143 1053 2193 monet
1074 2137 1214 2192 Martene
1238 2135 1276 2191 de

131 2230 133 2238 ’
203 2228 263 2279 snt.
287 2225 358 2282 eccl.
383 2223 456 2279 dise.
480 2243 508 2297 p.
535 2223 608 2282 195:
639 2225 702 2280 Non
731 2225 860 2297 neparin
889 2225 964 2281 bunc
985 2224 1119 2296 lyranum
1141 2241 1159 2278 a
1185 2222 1276 2278 Thea-

203 2309 310 2384 dulpbo
328 2311 424 2382 faisse
446 2312 629 2390 compositum
653 2309 815 2382 etquidem
842 2309 881 2364 acl
908 2326 990 2366 usum
1019 2309 1158 2364 ecclcsiae
1179 2307 1277 2363 Ande·

202 2397 346 2467 pavensis,
370 2396 578 2457 manime-curn
601 2397 680 2452 illurn
703 2396 755 2450 sub
778 2393 857 2450 illius
879 2395 1119 2471 nominecc'tasse
1141 2392 1277 2450 uideatur

202 2481 302 2554 Lupus
330 2480 418 2536 abbas
445 2481 652 2538 Ferrariensis.
703 2478 789 2548 Quod
818 2495 889 2535 vero
920 2477 958 2535 ad
987 2479 1162 2544 Aleuinum,
1192 2475 1276 2534 haud

204 2565 331 2638 amplius
355 2565 455 2621 obstat
477 2563 521 2632 (ut
544 2583 611 2621 oum
633 2563 778 2622 Menardo
800 2562 916 2639 loquar)
939 2564 1006 2621 libri
1035 2563 1073 2619 de
1100 2561 1211 2620 divinis
1235 2563 1278 2618 os-

203 2651 277 2706 tieiis
301 2652 480 2716 auctoritas
504 2653 615 2725 quippe
639 2653 689 2725 qui
712 2651 829 2706 minime
856 2651 896 2706 ‘ab
926 2650 1052 2706 Alouino
1083 2649 1276 2722 conscriptus

204 2740 251 2793 est
273 2733 358 2803 (Hist.
388 2735 465 2792 liter.
495 2735 532 2793 de
562 2737 591 2792 la
619 2737 732 2792 Franco
755 2735 802 2792 IV.
827 2753 855 2809 p.
885 2735 955 2794 340.
1000 2733 1123 2790 Froben.
1147 2733 1274 2790 Alo.11.

202 2840 232 2895 p.
256 2819 339 2887 461.)
383 2821 488 2896 Itaque
518 2822 591 2878 nihil
620 2822 795 2895 prohibeor,
826 2839 885 2895 quo
916 2823 1011 2876 minus
1042 2817 1276 2892 Theodulphum

203 2907 341 2962 carminis
365 2911 518 2962 auctorem
534 2909 712 2964 existimem:
736 2907 891 2962 historiam
913 2923 984 2964 vero
1006 2906 1140 2978 episcopi
1163 2905 1275 2964 virtute

188 2984 343 3046 'carminis
359 2992 517 3058 avinculis
534 2993 663 3048 absoluti
686 2990 861 3047 aReinaldo
878 2991 916 3047 ad
932 2989 1163 3064 Theodulphum
1178 2996 1276 3047 trans·

203 3076 295 3132 latam
318 3093 385 3132 esse
409 3078 521 3150 opinor.

289 3175 396 3233 Pontis.
418 3175 606 3236 Pictaviense
634 3153 712 3236 saec.
743 3178 778 3234 ll.
809 3178 857 3236 vel
885 3177 935 3234 x1.
967 3177 1047 3251 apud
1076 3177 1215 3234 Mostene
1239 3175 1274 3233 de

204 3267 264 3318 ant.
289 3262 360 3319 eccl.
384 3261 456 3318 diso.
480 3281 508 3336 p.
531 3262 605 3322 200:
630 3265 657 3322 3.
682 3281 719 3320 es
742 3269 778 3320 tu
800 3281 869 3320 rex.
916 3261 975 3330 (Sic
998 3264 1109 3337 legitur
1131 3264 1225 3319 etiam
1246 3264 1274 3318 in

205 3346 360 3404 Ordinario
384 3347 549 3404 Turonensi
571 3350 774 3405 vetustissimo
805 3366 839 3404 as
869 3353 970 3404 vetere
1001 3348 1114 3404 missali
1137 3347 1273 3404 Sarisbu·
1348 3411 1350 3413 ¹

203 3431 312 3499 riensi.)
357 3432 386 3490 5.
418 3433 584 3488 coelitus
630 3433 658 3491 6.
689 3439 724 3489 et
754 3438 896 3489 cuncta.
945 3433 991 3490 13.
1020 3451 1080 3488 rex
1108 3435 1183 3506 pie,
1215 3449 1273 3490 rex

203 3520 372 3576 clemens.
422 3519 468 3576 13.
492 3519 569 3575 alti.
612 3519 686 3574 Post
712 3519 758 3574 14.
782 3519 933 3575 interserit
955 3535 1061 3574 versus
1083 3518 1154 3574 hos:

356 3688 463 3746 Inclita
485 3689 611 3746 terrenis
634 3689 778 3745 transitur
800 3687 838 3744 ad
861 3678 992 3745 aethera
1007 3689 1094 3746 victis

406 3775 507 3831 Virtus
531 3791 548 3830 a
570 3775 649 3831 vitiis
672 3791 727 3829 nos
751 3775 831 3847 capit
853 3774 931 3830 alma
953 3775 1048 3831 tetris.

356 3859 496 3934 Nequitia
519 3861 610 3916 simus
632 3861 727 3933 pueri,
751 3861 859 3916 virtute
882 3860 993 3933 vegeti,

407 3944 495 4014 Quod
517 3949 640 4000 tenuere
664 3943 769 4000 Patres
793 3944 831 4000 da
853 3949 1007 4000 teneamus
1031 3945 1096 4000 iter.

355 4028 588 4106 Degeneresque
601 4027 722 4084 Patrum
736 4046 774 4085 ne
791 4032 881 4086 simus
897 4028 933 4084 ab
950 4033 1014 4085 arte
1027 4030 1162 4103 priorum

335 4117 338 4126 '
406 4115 468 4172 Nos
492 4120 544 4170 tua
566 4119 636 4188 post
658 4114 725 4170 illos
748 4117 845 4189 gratia
868 4119 972 4172 saneta
994 4114 1103 4171 trahat.

206 4269 252 4327 lb.
276 4275 361 4325 tuus
384 4273 420 4324 et
448 4245 512 4324 nos
543 4267 653 4322 simus
683 4267 830 4324 asellus.
878 4269 925 4326 18.
957 4269 1009 4325 eis
1038 4271 1178 4324 nostra.
1225 4265 1267 4324 111.
1380 4341 1381 4344 ¹

203 4353 639 4432 tegminasiveanimae.
684 4351 758 4410 Post
780 4353 830 4412 22.
853 4353 929 4410 haec
952 4351 1118 4410 adduntur:
1379 4345 1381 4376 ε
