2772 5024
718 352 782 424 llil

146 556 150 564 ·
220 535 453 613 patriarchas
425 552 460 592 ac
475 533 640 609 prophetas
655 537 805 608 pertinere
820 537 930 608 potest.
952 533 1077 593 Invocat
1064 539 1187 609 tpoeta
1199 535 1284 609 patri·

221 623 328 680 archas
358 627 389 678 et
419 619 607 678 sexdecim
641 620 816 694 prophetas.
861 619 922 680 22.
944 619 985 676 Μ.
1013 619 1184 678 athletas.
1225 619 1283 694 ago

220 709 319 765 malim
341 707 589 764 anachoretas
634 705 683 766 23
706 703 881 779 Legendum
907 707 977 762 nti.
1023 705 1072 764 29.
1094 705 1135 762 Μ.
1152 703 1284 780 gibbae

220 809 386 868 perperam.
432 791 551 865 Gybra
580 794 628 846 est
655 791 757 848 homo
786 796 820 846 ιιι
849 789 929 864 apud
951 790 1121 846 Benzonem
1143 789 1182 846 ad
1202 790 1285 846 Hein·
1359 781 1361 788 '

220 882 315 936 ricum
340 879 388 936 IV.
418 877 467 933 lib
498 876 527 934 7.
572 875 660 931 Perta
690 877 770 932 Μοιι.
801 875 879 932 xm.
908 895 938 950 p.
962 875 1034 934 674.
1062 867 1134 934 679.
1178 875 1226 934 32.
1247 874 1284 931 Μ.

221 965 345 1021 iacula
367 963 524 1036 oiersilbiq
562 960 603 1016 At
591 961 750 1034 tlegimus
780 965 819 1018 ιιι
824 963 833 1016 ι
863 978 898 1017 ac
920 961 1019 1018 iacula
1048 965 1081 1016 ut
1110 959 1287 1034 trisyllabon

221 1066 334 1107 vocem.
382 1046 515 1106 aer—36.
537 1046 581 1101 Μ·
611 1047 682 1119 pede
712 1047 757 1103 icit
785 1047 983 1104 unoerdndert
1002 1048 1056 1103 soie
1077 1045 1124 1103 die
1147 1046 1215 1114 Ha,
1236 1063 1286 1102 aar

221 1137 274 1190 mit
301 1135 471 1206 Belsiiqcaq
500 1132 552 1187 der
581 1131 762 1206 Interpunct
752 1151 807 1188 ιοιι.
853 1131 954 1188 michi:
983 1149 1044 1189 ιιαι.
1091 1131 1139 1187 34.
1164 1088 1240 1188 stelit
1258 1148 1286 1187 ro

221 1219 327 1276 iader
348 1219 411 1285 Ha,
434 1217 579 1292 ceppbala
600 1219 640 1272 ist
660 1203 783 1296 κεφαλὴ
806 1217 866 1274 stad
893 1219 1028 1290 caspiam
1050 1215 1102 1273 36.
1126 1218 1284 1290 canapium,

222 1303 324 1379 (adeps
345 1302 479 1368 suillasl)
503 1301 550 1358 dic
571 1301 776 1359 Verderboisse
798 1302 850 1358 der
871 1302 982 1358 andern
1012 1303 1126 1359 Wd'rter
1148 1300 1286 1358 hanniel

221 1391 291 1446 aber
313 1407 367 1446 ιιι
381 1388 499 1461 Monpel
520 1405 557 1444 aa
579 1387 646 1444 Ηιι.
671 1388 751 1444 nicht
772 1388 949 1445 verbcssern.
986 1387 1060 1444 Mihi
1084 1387 1142 1442 aha
1165 1387 1285 1460 placent

179 1477 181 1480 ’
223 1474 297 1530 Cum
318 1476 348 1530 in
369 1473 513 1548 periocha
540 1471 577 1527 de
600 1471 716 1546 galea
738 1471 864 1530 37-47
887 1489 989 1530 omnes
1014 1477 1224 1529 enumerentur
1244 1485 1286 1527 ca·

171 1581 173 1591 ¹
221 1561 292 1633 pitis
314 1563 418 1633 partes
441 1558 485 1614 uti
506 1559 536 1613 in
551 1555 688 1618 versibus
711 1558 864 1614 loricae
879 1557 1006 1616 49-80
1028 1559 1144 1632 reliqua
1162 1557 1285 1630 corporis

221 1643 361 1712 membra,
374 1645 467 1700 oritur
475 1644 612 1716 quaestio
625 1641 698 1716 qnid
712 1641 825 1699 tutelae
841 1647 995 1700 remaneat
1009 1643 1143 1716 peltae.
1170 1641 1285 1709 Omnino

222 1729 406 1804 cepphale
431 1734 462 1784 et
484 1744 594 1784 conas
617 1725 759 1794 (comas)
782 1730 921 1802 spectare
942 1727 1080 1786 videntur
1102 1726 1141 1783 ad
1165 1725 1289 1784 membra
1363 1731 1364 1738 ’

222 1819 253 1871 et
274 1819 376 1889 partes
400 1813 550 1888 corporis;
581 1818 613 1868 at
633 1813 749 1888 reliqna
771 1831 878 1870 vocum
906 1817 1055 1881 monstra,
1086 1812 1239 1879 indomita,
1258 1815 1287 1866 nt

221 1902 263 1956 ita
286 1899 391 1967 dicam,
415 1903 529 1955 terrent
551 1899 704 1954 lectorem.
742 1898 782 1954 Ut
804 1899 875 1955 mihi
897 1899 1024 1967 videtur,
1047 1904 1138 1972 poeta
1156 1893 1286 1956 33—36

220 2003 279 2042 non
301 1985 488 2058 inpartibus
513 1984 646 2057 corporis
669 1988 822 2052 versatur,
851 1983 956 2040 sedin
978 1983 1103 2052 morbis,
1134 1985 1188 2058 qui
1213 1985 1286 2038 recte
1363 2053 1364 2056 Ἴ

220 2075 367 2128 vocantur
389 2069 566 2125 daemonum
587 2069 693 2124 iacula.
738 2068 872 2137 Librarii,
896 2069 948 2144 qni
971 2068 1162 2126 doctissimas
1184 2067 1287 2142 Hippo·

222 2157 313 2212 cratis
337 2161 368 2212 ct
390 2155 496 2212 Galerii
522 2152 615 2210 'voces
640 2171 764 2228 prorsus
787 2156 979 2228 ignorarunt,
1003 2156 1087 2228 ipsos
1108 2153 1168 2210 hos
1191 2168 1286 2210 versus
1362 2195 1364 2216 ,

221 2243 330 2297 misere
347 2239 553 2313 deturparunt.
597 2238 702 2314 Itaque
719 2239 845 2296 audacia
867 2239 997 2315 quadam
1012 2239 1137 2298 33-36
1157 2241 1199 2296 sic
1212 2239 1285 2312 lego:
1362 2223 1364 2248 ³

341 2401 357 2406 -
423 2376 560 2450 Leptam,
585 2375 734 2450 elephant
727 2377 856 2432 rasinet
878 2393 997 2443 nomas,

423 2461 532 2534 herpet
534 2478 589 2528 em,
609 2461 766 2528 lichenem,
781 2477 887 2535 panos,
903 2463 1089 2538 phagaenas‚

425 2546 588 2613 chalanem,
612 2545 771 2602 carbonem
790 2547 961 2622 malignum,
984 2553 1089 2614 tamas,

425 2632 602 2706 erysipelas,
624 2631 709 2699 boas,
733 2630 882 2688 reduvias.

220 2749 269 2809 37.
293 2750 333 2806 Μ.
348 2751 490 2822 νιιιιιιι
511 2751 565 2822 fiir
586 2749 744 2816 vertice,
775 2751 825 2807 cles
852 2752 966 2809 Reimea
988 2769 1095 2826 saepen.
1141 2751 1222 2808 ΝαιΙι
1242 2749 1287 2805 der

219 2836 346 2893 iriscben
363 2835 491 2910 Sprocbe
512 2837 581 2892 sind
601 2838 709 2893 vertice
731 2837 791 2892 und
812 2839 914 2893 vertici
935 2837 1207 2914 pleiclpbedectende
1224 2836 1286 2892 For

219 2940 291 2978 mea.
337 2920 387 2978 39.
412 2925 448 2976 et
478 2919 673 2977 omittendum
703 2925 758 2977 est.
803 2921 854 2980 40.
876 2921 917 2977 Μ.
950 2929 1064 2997 tympus
1092 2921 1164 2980 oder
1191 2924 1286 2995 timpus

219 3008 261 3064 ist
281 3005 327 3062 die
341 3006 536 3080 penitentiale
550 3007 644 3080 Form,
660 3023 742 3062 mean
757 3006 810 3063 das
831 3007 914 3064 Wort
927 3007 1036 3080 Scblof
1052 3007 1194 3064 hebetet.
1228 3005 1284 3078 Ego

218 3090 322 3164 legere
351 3090 466 3145 malim:
498 3091 652 3148 triformi
682 3089 836 3158 (biformii)
866 3091 1017 3148 cerebro
1039 3120 1082 3130 -
1110 3097 1284 3166 tympano.

221 3176 272 3235 42.
295 3175 360 3231 Vox
381 3176 597 3232 internasus
611 3191 655 3224 ι·-
671 3176 916 3249 dissepimentum
937 3179 1052 3234 narium
1075 3194 1093 3234 a
1114 3178 1207 3234 latino
1232 3191 1285 3232 ser·

219 3277 307 3316 mone
329 3277 454 3334 prorsus
471 3261 567 3318 aliena
582 3266 638 3318 est.
673 3261 721 3318 An
743 3279 810 3320 ev.
827 3263 877 3322 45.
902 3264 968 3330 ori,
992 3262 1075 3337 quod
1095 3263 1124 3319 in
1141 3263 1192 3319 illo
1205 3275 1285 3320 versu

222 3346 406 3419 superfluum
429 3351 484 3413 est,
508 3346 557 3402 hic
581 3346 824 3428 anticipandum?
868 3349 941 3415 ori,
968 3364 1079 3416 naso,
1110 3344 1285 3406 naribus?

220 3431 270 3490 43.
294 3431 381 3486 Hunc
397 3449 516 3488 versum
537 3433 579 3488 ita
598 3432 681 3506 lego:
705 3434 827 3506 pupis,
851 3433 961 3500 rotis,
984 3433 1189 3508 palpebris,
1211 3435 1285 3488 tem·

217 3515 374 3590 poribus
414 3511 486 3574 siv.
504 3517 554 3575 40.
577 3519 694 3573 reiioias
711 3519 827 3574 coniec
815 3521 913 3574 uram'
927 3523 1109 3593 tympano
1129 3516 1284 3592 palpebrae

217 3603 345 3658 fortasse
376 3607 522 3658 vocantur
556 3605 721 3663 tectores
758 3603 808 3660 vel
844 3608 994 3660 tutores
1054 3604 1104 3660 44.
1143 3601 1282 3659 Coniicio:

216 3687 381 3760 linguae,
406 3685 621 3760 glandulae,
652 3687 824 3755 maxillis,
847 3688 1029 3746 faucibus.
1075 3688 1125 3748 45.
1146 3681 1190 3744 Μ.
1215 3683 1284 3742 sub·

218 3772 431 3846 linguae=
446 3771 738 3847 Zungenba'ndohcn.
783 3772 833 3830 47.
858 3791 933 3848 cap
942 3777 1116 3831 centrum
1138 3771 1211 3848 quid
1232 3771 1284 3842 sig·

216 3857 332 3923 nificet,
364 3854 484 3913 difficile
517 3861 564 3914 est
551 3856 629 3914 tad
652 3857 866 3932 explicandum.
905 3859 1033 3958 Opinor,
1064 3863 1186 3934 poetam
1207 3872 1284 3912 oeso-

214 3941 309 4016 phagi
338 3939 451 3997 aditum
474 3941 529 3998 sibi
551 3943 666 4017 tingere
689 3948 824 4000 centrum
847 3945 927 4018 capit
930 3945 966 4001 is.
1013 3945 1063 4004 52.
1088 3943 1214 4000 sudum
1235 3955 1283 4030 pro

216 4025 368 4083 sudium.
428 4027 555 4084 Ratione
591 4024 694 4084 habita
730 4029 788 4084 loci
818 4031 839 4088 2
869 4029 935 4086 Cor.
971 4031 1018 4096 12,
1042 4029 1062 4088 7
1093 4015 1223 4103 (σκόλοψ
1249 4014 1282 4100 ’.ἦ

217 4100 318 4189 σαρκὶ)
341 4115 433 4186 poeta
454 4114 563 4169 iterum
585 4118 651 4168 orat
673 4118 707 4170 ut
722 4118 880 4170 arceantur
902 4129 920 4170 a
939 4114 1078 4171 membris
1102 4115 1164 4171 suis
1187 4107 1282 4172 morbi,

219 4213 295 4271 quos
320 4196 481 4254 daemones
504 4203 539 4253 ut
562 4195 667 4253 sudem
690 4203 721 4254 et
744 4199 847 4256 clavos
868 4198 1037 4260 horninibus
1059 4197 1193 4274 infigunt.
1237 4192 1281 4252 54

214 4281 254 4340 Μ.
285 4282 452 4358 scapulis
481 4282 592 4340 irische
621 4283 709 4340 Form
737 4283 785 4340 fiir
814 4285 988 4359 scapulis.
1033 4284 1083 4343 56.
1107 4284 1146 4340 Μ.
1177 4279 1281 4339 cubis
