2732 5026
679 487 682 492 s
733 412 812 524 s

470 560 832 684 conscendentesque
854 590 987 658 sideru
1029 588 1088 686 11„

494 688 576 742 Thes.
594 688 615 741 I.
633 705 659 756 p.
678 690 736 746 291.
771 688 816 745 Do
835 690 862 744 S.
881 691 1048 764 Laurentio..

313 817 494 876 Kehreinius
517 823 626 893 quarta
649 819 773 892 stropha
796 826 916 877 auctum
936 821 1036 879 habet.

536 937 605 1011 Ipse
629 937 768 1013 dignetur
789 940 947 998 Dominum

535 1040 644 1100 rogere
667 1024 937 1094 clementissimum,

536 1114 570 1165 ut
592 1109 629 1164 ab
652 1111 782 1168 aeternis
805 1111 923 1186 ignibus
969 1177 974 1184 ¹
1353 1169 1355 1202 i

534 1212 589 1250 nos
612 1195 708 1252 salvet
731 1201 762 1252 et
785 1195 986 1256 daemonibus.
1018 1204 1020 1214 ’
1165 1231 1170 1236 -
1353 1205 1355 1262 l

314 1301 404 1370 Mone
425 1313 476 1370 111.
499 1333 528 1389 p.
546 1314 616 1373 388.
655 1313 718 1384 (Hs.
743 1334 779 1372 zu
799 1316 950 1392 stuttgart
975 1319 1025 1386 11.
1048 1315 1112 1385 Jh.)
1149 1319 1206 1378 Dos
1225 1317 1285 1376 liet
1340 1321 1345 1330 '

230 1401 271 1456 ist
291 1417 346 1456 ooo
367 1399 430 1456 dem
452 1400 581 1472 Biscltos
595 1400 734 1458 Heribert
760 1420 814 1460 von
837 1402 1003 1472 Eicltstddt,
1034 1405 1087 1461 der
1108 1405 1190 1464 1042
1209 1404 1284 1462 stort.

229 1484 395 1541 *Tertio
418 1484 475 1542 Str.
520 1485 732 1562 Ipsedign.
780 1485 829 1574 11.
850 1487 930 1546 dev.
956 1491 1094 1548 saevis.

665 1630 865 1644 ..ν’-ὴ..-

398 1729 428 1798 0
452 1749 557 1819 quom
574 1730 732 1816 glorifico
755 1733 833 1799 luce
855 1753 1038 1802 11111111.
1080 1735 1126 1805 K.

338 1874 341 1884 ,
433 1831 516 1885 Thes.
534 1831 555 1884 Ι.
574 1849 600 1900 p.
618 1834 677 1888 245.
707 1833 752 1887 De
766 1835 967 1902 Assumptione
980 1835 1095 1891 Mariae.

433 1963 572 2037 Oquam
597 1954 732 2038 glorifica
754 1964 821 2024 luce
846 1983 986 2023 coruscas
1066 1985 1079 2016 x
1124 2037 1128 2048 ὁ
1179 2025 1184 2037 ,

394 2112 398 2118 ι
433 2049 534 2122 stirpis
558 2047 711 2106 davidicae
734 2051 818 2124 regia
839 2051 950 2126 proles,

433 2132 566 2190 sublimis
588 2133 704 2191 resides
727 2137 811 2210 virgo
834 2135 930 2193 Maria

433 2237 523 2293 supra
546 2219 716 2295 coeligenas
739 2221 870 2279 aetheris
894 2239 1005 2279 omnes.

387 2339 405 2398 5
429 2337 475 2394 Tu
498 2350 565 2396 cum
587 2341 719 2414 virgineo
742 2345 837 2398 mater
858 2341 971 2399 honore

432 2424 605 2500 angelorum
628 2423 746 2482 domino
768 2428 900 2501 pectoris
924 2428 1021 2484 aulam

342 2512 347 2521 ’
432 2511 525 2567 sacris
547 2510 712 2568 visceribus
736 2517 820 2568 easta
841 2515 964 2586 parasti,

429 2599 517 2652 natus
539 2596 609 2652 hinc
630 2596 711 2654 Deus
736 2601 782 2654 est
806 2615 930 2672 corpore
947 2599 1092 2656 Christus.

403 2733 406 2745 ’
431 2714 527 2786 Quem
550 2721 675 2774 cunctus
698 2733 844 2776 venerans
868 2718 947 2775 orbis
970 2711 1098 2786 adorat'

368 2802 406 2868 l0
429 2803 476 2858 cui
498 2819 576 2858 nunc
598 2803 655 2858 rite
678 2803 909 2878 genuflectitur
932 2823 1027 2872 omne,

430 2905 448 2943 1
469 2891 500 2944 te
523 2887 652 2960 petimus
675 2892 705 2944 te
729 2887 923 2946 subveniente

430 2973 554 3029 abiectis
570 2973 709 3047 tenebris
733 2971 843 3048 gaudia
864 2975 948 3032 lucis.

428 3092 493 3148 Hoc
515 3093 624 3167 largire
647 3092 737 3150 Pater
758 3093 876 3150 luminis
900 3096 1002 3163 omnis,

430 3177 539 3234 Netum
561 3195 615 3252 per
636 3181 790 3253 proprium
811 3179 941 3236 Flumine
965 3197 1061 3248 sacro,

367 3261 403 3320 15
428 3265 479 3338 qui
501 3269 601 3320 tecum
623 3263 716 3320 nitida
738 3266 812 3322 vivit
833 3266 863 3321 in
884 3266 1018 3342 aethera,
1115 3284 1116 3287 ¹

429 3366 560 3424 regnans
583 3365 618 3406 ac
641 3348 800 3406 moderans
824 3352 945 3408 saecule
968 3356 1084 3408 cuncta.

311 3467 449 3524 Occurrit
471 3470 501 3526 in
527 3469 685 3526 recentiori
707 3467 1049 3528 Praomonstratensium
1079 3471 1231 3538 Breviorio
1251 3470 1287 3525 in·
1329 3485 1333 3488 ·

226 3554 367 3628 signitum
389 3555 506 3611 nomine
529 3554 611 3612 Petri
633 3555 776 3612 Damiani.
815 3555 843 3613 3.
866 3555 1063 3614 residens.
1113 3560 1160 3616 11.
1184 3575 1203 3614 1
1225 3570 1287 3632 quo

146 3693 148 3698 s
224 3640 486 3713 nospetimus
509 3645 546 3696 te
569 3641 758 3716 veniente.
1118 3641 1121 3649 '

473 3866 651 3938 Oeace-to
673 3857 795 3936 mundi
818 3870 968 3937 domiuo.
1012 3869 1056 3937 K.

440 3971 524 4024 Thes.
543 3971 563 4024 1.
582 3988 608 4039 p.
627 3973 685 4034 277.
726 3969 770 4025 De
788 3970 943 4024 Nativitate
961 3971 1077 4025 Mariae.

287 4099 312 4156 Ο
336 4104 441 4171 sancta
463 4101 566 4158 mundi
587 4101 705 4159 domiuo
780 4101 799 4160 5
822 4102 949 4176 Emerge
972 4101 1068 4160 dulcis
1090 4103 1160 4172 11111,

121 4192 127 4197 “
201 4172 234 4260 ’Χ
286 4185 390 4260 regina
413 4187 488 4244 coeli
511 4187 633 4260 inclyta,
688 4249 693 4258 ,
824 4190 938 4244 nitesce
961 4189 1020 4244 iam
1041 4187 1217 4264 virguncula

285 4289 302 4326 o
327 4271 414 4327 stella
437 4273 525 4328 maris
548 4273 652 4340 Maria,
821 4273 924 4330 florem
946 4268 1044 4331 latura
1066 4273 1193 4332 nobilem

284 4357 369 4432 virgo
393 4361 489 4414 mater
512 4355 626 4414 deifica.
824 4358 1079 4418 ChristumDeum
1094 4357 1286 4418 ethominom.
