2822 5026
739 423 783 498 18

227 601 267 666 ib
288 605 516 686 memtepscre
533 605 741 686 ‚assensus
773 679 776 688 Δ
825 607 891 666 llos
913 611 1041 685 mystico
1059 610 1120 672 'sub
1142 612 1270 670 nomine

263 689 423 752 ¹Dilectus
445 693 495 752 hic
517 698 566 750 est
587 688 687 751 tilius⁴‘
767 694 808 753 30
824 695 918 754 Micat
940 695 1023 752 salus
1046 695 1204 776 eeclesiae,
1266 695 1269 700 ’

289 777 476 855 Sumensque
498 783 621 836 sanctus
637 781 759 854 spiritus
824 779 958 838 Persona
980 783 1058 839 trina
1080 779 1235 850 consonat,
1262 784 1268 832 ἶ

288 863 424 922 Formam
447 863 602 922 columbae
625 863 759 922 caelitus.
825 865 907 924 Unus
930 867 1011 924 Deus
1033 881 1088 942 per
1110 869 1216 928 omnic.

309 965 442 1026 Debetur
464 984 583 1025 carmen
605 965 706 1025 Monio
728 967 751 1024 I.
767 987 796 1043 p.
815 967 864 1026 77.
909 969 961 1025 Hs.
986 968 1038 1026 der
1055 969 1297 1048 Stadtbibbotbek

225 1069 262 1110 su
287 1053 371 1110 Trier
400 1053 451 1110 No.
476 1053 555 1110 1418
584 1053 634 1110 des
658 1053 686 1110 8.
709 1053 808 1110 Janra.
832 1057 862 1111 in
892 1057 972 1112 einer
994 1054 1294 1134 Hymneneammiunql

226 1131 285 1196 'aaa
307 1140 380 1196 altes
403 1131 464 1196 und
483 1139 609 1196 seltener
631 1139 718 1206 died,
749 1137 824 1196 dena
854 1159 885 1196 es
914 1141 955 1196 ist
981 1159 1035 1197 aas
1057 1141 1120 1198 dem
1143 1142 1170 1197 5.
1194 1141 1294 1208 Jahrb.
1373 1162 1375 1166 ’

226 1223 286 1280 und
306 1223 351 1280 iob
374 1221 446 1281 tabe
468 1243 500 1282 es
521 1231 604 1281 sonst
624 1225 705 1282 nicbt
725 1227 915 1299 aripetroffen.
960 1224 1064 1295 Dieser
1085 1226 1217 1300 Hymnus
1245 1227 1298 1289 bat

225 1307 405 1384 dispensae
433 1309 585 1366 metriscbe
606 1310 690 1366 Form
719 1313 786 1367 mie:
822 1310 993 1368 illuminans
1022 1312 1196 1379 altissimus,
1226 1309 1308 1375 aber

226 1393 306 1452 nieht
326 1393 379 1464 die⁴
394 1394 642 1470 pedentenreiobe
663 1395 774 1462 Kane,
803 1395 937 1452 modurcb
966 1395 1028 1452 siet
1050 1397 1097 1454 die
1118 1396 1222 1454 lieder
1244 1397 1297 1470 ries

145 1533 148 1536 .
226 1479 252 1537 b.
282 1480 449 1536 Ambrosius
478 1481 677 1550 auszeicbnen.
707 1509 751 1518 -
793 1481 838 1538 Vs.
870 1481 909 1538 12
937 1481 1044 1538 lromrnt
1071 1482 1145 1540 anab
1174 1485 1204 1540 in
1233 1483 1296 1544 dem
1351 1522 1354 1525 -

224 1565 355 1638 Hymnus
377 1565 428 1622 des
452 1564 587 1622 Sedulius
609 1584 668 1623 aar.
713 1565 764 1624 Iob
786 1567 864 1624 batte
875 1565 985 1638 jedeon
1008 1567 1105 1641 obiqes
1126 1567 1207 1634 area,
1230 1567 1298 1638 neit

224 1671 255 1710 es
277 1649 412 1707 metriselt
434 1651 575 1725 riabtiper
597 1653 651 1718 ist,
680 1652 732 1724 liir
755 1653 830 1708 tilter
859 1653 903 1710 als
933 1651 988 1708 den
1009 1651 1140 1726 Hymnus
1170 1653 1220 1710 aies
1244 1653 1296 1712 Se·

156 1735 163 1748 “
224 1735 328 1794 aulius.
374 1735 501 1792 Accedit
530 1735 611 1793 aliud
641 1735 713 1812 quid
742 1729 781 1791 ad
810 1737 1018 1812 antiquitatem
1047 1739 1184 1796 carminis
1215 1755 1295 1796 conr·

224 1819 416 1898 probandam.
463 1819 602 1878 Celebrat
623 1821 820 1896 Epiphaniam
847 1824 891 1878 uti
913 1821 1094 1896 baptismum
1124 1823 1234 1882 Christi
1264 1829 1296 1882 et

224 1909 366 1966 virtutum
389 1908 452 1963 eius
475 1907 621 1974 natalem;
652 1912 756 1964 contra
777 1925 933 1982 magorum
960 1908 1042 1964 nulla
1063 1909 1192 1965 inlicitur
1214 1927 1296 1966 men·

224 1995 274 2052 tio.
320 1989 408 2068 Quod
438 2009 505 2048 cum
527 1993 724 2068 antiquissimi
746 1995 908 2067 temporis,
938 1997 1001 2050 tum
1024 1994 1176 2051 orientalis
1199 1995 1296 2052 eccle·

225 2081 287 2136 siae
316 2078 365 2135 vel
394 2077 610 2134 Ambrosianus
639 2079 702 2134 iure
732 2076 840 2134 dixeris
869 2077 1016 2136 indicium.
1061 2079 1137 2136 Nam
1167 2080 1296 2137 eeclesia

223 2163 357 2220 Romana
386 2179 404 2218 a
434 2163 554 2219 saeculo
592 2165 694 2238 quinto
724 2161 821 2220 medio
859 2163 1062 2222 adorationem
1098 2182 1157 2240 per¹
1189 2183 1295 2240 magos

223 2250 333 2306 iactant
362 2265 421 2304 una
451 2265 518 2304 cum
546 2247 695 2322 baptismo
727 2253 757 2305 et
778 2249 929 2305 miraculis
953 2247 1105 2306 celebrare
1128 2248 1293 2307 consuevit·

224 2334 353 2408 Superat
375 2349 494 2390 carmen
517 2331 645 2400 Sedulii,
676 2335 763 2389 immo
787 2333 940 2390 Prudentii
970 2340 1107 2391 aetatem.
1152 2334 1246 2392 Porro
1270 2337 1295 2394 si

224 2419 362 2478 Sedulius
378 2423 531 2476 mutuatus
549 2424 595 2476 est
610 2417 703 2476 verba
717 2420 870 2476 mutauit
891 2417 983 2476 unda
1003 2421 1194 2494 originem,
1217 2420 1295 2480 haec

222 2509 289 2582 ipsa
310 2505 452 2571 imitatio,
482 2508 516 2560 ut
539 2509 586 2561 est
608 2503 689 2578 apud
710 2503 971 2579 hymnographos,
1002 2505 1133 2564 insinuat
1156 2507 1294 2564 carminis
1407 2529 1408 2548 i

223 2595 376 2647 auctorem
398 2587 673 2646 celebratissimum.
718 2589 824 2665 Neque
848 2589 975 2664 amplius
999 2588 1036 2646 de
1059 2591 1217 2648 Ambrosio
1241 2590 1295 2650 du·

222 2673 377 2732 bitandum
399 2679 446 2730 est
467 2675 570 2748 hymni
591 2679 732 2748 parente,
757 2677 782 2732 si
804 2673 980 2732 meditamur
1001 2676 1100 2732 locum
1122 2676 1294 2736 Cassiodori

223 2763 252 2818 in
274 2759 459 2838 Psalmflilt,
482 2778 509 2819 v.
526 2761 555 2818 8.
583 2761 629 2818 11.
654 2779 683 2834 p.
700 2761 772 2820 241.
797 2757 843 2816 ed.
861 2759 961 2817 Garet.
1014 2753 1113 2818 Vinum
1135 2765 1166 2819 in
1188 2757 1318 2825 moine*

222 2849 378 2921 scrmturis
399 2847 547 2919 siqnificat
567 2847 690 2902 coeleste
718 2848 901 2918 mysterium,
931 2849 1008 2904 sieut
1035 2849 1065 2903 in
1093 2848 1153 2904 iilis
1181 2847 1295 2921 hydriis
1406 2913 1408 2932 ;

219 2933 329 3005 saonam
357 2939 418 2987 est:
453 2938 487 2987 ut
515 2932 617 2987 tauers
641 2931 766 3002 fontium
802 2933 933 2988 ruborem
970 2934 1042 2998 uini,
1080 2939 1189 2989 mutata
1224 2953 1295 3006 qua·
1407 2987 1408 3014 ÷

222 3018 319 3082 litate,
358 3017 556 3090 susciperent;
592 3035 674 3090 quem
703 3022 808 3073 natura
837 3035 893 3074 non
923 3017 1030 3074 babuit.
1085 3017 1163 3074 Unde
1192 3019 1294 3092 beatus

222 3103 389 3158 Ambrosius
419 3103 449 3157 in
471 3101 575 3174 dymno
604 3107 722 3157 sanctae
743 3101 925 3176 Epiphaniae
954 3103 1124 3159 mirabiliter
1153 3097 1295 3160 declama-

186 3205 190 3214 ·
223 3190 272 3254 uit,
296 3185 527 3260 splendidissima
551 3187 614 3242 luce
635 3187 793 3243 uerborum.
839 3185 916 3242 Sane
948 3185 1078 3244 editores
1100 3185 1295 3246 Maurini‘in·
1406 3171 1407 3194 ³

222 3272 362 3346 telligunt
397 3271 559 3344 Hymnum:
605 3271 777 3328 Illuminans
814 3271 993 3351 altissimus,
1039 3271 1093 3328 sed
1130 3271 1293 3346 disputatio

223 3374 325 3414 eorum
348 3358 421 3412 satis
444 3355 591 3414 imbecilla
615 3361 669 3412 est.
714 3355 879 3430 Exscriptis
895 3355 993 3413 verbis
1010 3355 1181 3414 Cassiodori
1203 3357 1294 3433 (quae
1324 3373 1331 3386 ⁸

222 3441 260 3499 ad
284 3457 403 3498 carmen
434 3458 524 3514 supra
554 3443 696 3514 scriptum
727 3443 876 3515 pertinere
905 3460 991 3498 ncrno
1021 3441 1194 3509 non-videt)
1216 3440 1293 3504 hacc

221 3527 345 3584 habent:
389 3527 441 3582 En
469 3527 581 3599 hymnis
610 3534 704 3584 autem
731 3520 857 3594 dnobus,
896 3529 998 3601 quibus
1027 3529 1193 3600 mysterium
1223 3529 1294 3606 Epi·
1407 3585 1408 3602 ,

152 3677 154 3685 y
216 3613 345 3690 plioniae
367 3613 453 3668 ctiam
476 3613 709 3678 nunciabatur,
740 3614 830 3680 atter,
861 3631 943 3686 quem
973 3616 1003 3670 in
1026 3616 1088 3669 eius
1115 3613 1174 3669 diei
1194 3614 1294 3686 officio

221 3698 451 3774 contremuere,
477 3697 588 3756 Sedulii
610 3705 668 3765 est,
692 3699 766 3754 aiter
788 3717 855 3754 vero
878 3701 908 3755 in
930 3699 1092 3766 Bncoiariis
1114 3698 1225 3758 ordinis
1250 3699 1294 3760 Οἱ·

221 3784 405 3849 sterciensis,
436 3801 488 3850 nee
510 3801 566 3839 non
588 3785 618 3839 in
635 3786 793 3858 postremis
814 3784 1063 3840 Ambrosianorum
1094 3803 1211 3858 operum
1234 3784 1294 3840 edi-
1407 3783 1408 3788 '

222 3870 347 3927 tionibus
370 3875 475 3924 castet.
505 3869 556 3924 ‘In
579 3886 661 3942 quem
684 3886 745 3924 cum
768 3871 917 3942 aptissime
939 3861 1082 3940 quadrent
1102 3871 1190 3924 citata
1207 3869 1294 3926 verba

224 3953 395 4020 Cassiodori,
419 3972 475 4009 non
498 3954 688 4010 dubitavimus
711 3953 830 4010 eundem
852 3955 928 4009 inter
951 3955 1092 4028 lepitimos
1109 3957 1182 4010 tanti
1197 3954 1294 4025 docto-

220 4042 263 4096 ris
290 4040 390 4118 foetus
419 4038 580 4094 admittere.
625 4037 666 4094 At
694 4055 749 4093 nos
781 4037 974 4094 vehementer
1006 4037 1183 4094 dubitamus.
1230 4039 1293 4095 Ia'nr
1335 4109 1340 4114 ,
1406 4097 1408 4112 Ι

220 4126 357 4182 nouimus
387 4140 505 4180 carmen
535 4126 564 4180 in
588 4122 669 4199 quod
691 4122 783 4179 uerba
805 4121 977 4179 Cassiodori
999 4125 1109 4198 optime
1133 4123 1291 4197 quadrant,
1406 4177 1408 4184 Α

220 4210 276 4266 ne'c
306 4221 462 4265 moramur
484 4209 599 4282 priores
622 4207 771 4266 Ambrosii
800 4205 930 4264 editores
961 4225 978 4263 a
1006 4208 1108 4270 critica
1138 4207 1293 4284 diligentia

221 4296 295 4352 satis
325 4294 447 4350 alienos.
494 4294 524 4350 Si
553 4310 617 4350 rem
647 4292 686 4348 ad
713 4295 813 4349 vivum
838 4308 1026 4360 resecamus,
1050 4289 1184 4350 ¹Maurini
1216 4291 1292 4349 duos

222 4384 337 4437 tanturn
359 4380 507 4435 noverunt
528 4377 713 4451 Epiphaniae
736 4377 876 4450 hymnos:
906 4377 981 4432 alter
1004 4375 1116 4434 Sedulii
1139 4381 1194 4442 est,
1218 4394 1292 4451 ergo
1404 4409 1408 4434 r
