2772 5024
590 427 631 498 w

131 609 439 670 Eflammasamulum
447 624 605 682 provocas,
622 608 804 668 258ecretis
827 609 885 666 ism
909 609 1012 668 condis
1035 612 1094 668 fari

132 693 319 750 Rubumnun
333 697 450 768 spernis
463 696 606 768 spineam,
672 693 770 752 Divini
792 695 888 752 mellis
911 695 1001 752 alitus

132 779 171 836 lit
180 798 249 838 oum
264 781 306 836 sis
314 782 392 854 ignis
402 793 604 847 concremans,
671 778 777 838 Gordia
800 797 967 854 repurgans
990 783 1109 840 intimas

50 866 113 925 ‘20
132 867 199 922 Non
221 863 283 922 u'ris
308 865 388 940 quod
410 865 576 922 inluminas.
654 857 769 922 ¹Verbo
792 867 916 939 replesti
940 867 1072 924 cellulas.

134 987 230 1042 Fusco
255 984 382 1058 depasto
405 983 505 1057 nubilo
671 984 800 1040 Examen
825 991 857 1042 ut
879 985 976 1042 foetus
1000 978 1069 1044 novi
1130 1010 1136 1020 s

133 1072 265 1145 Tempus
290 1069 422 1126 decoctis
446 1068 584 1125 sordibus
608 1067 649 1126 30
672 1070 732 1126 Ore
754 1071 948 1143 praelectum,
973 1074 1078 1146 spiritu

132 1155 280 1213 Fervente
305 1155 414 1210 Sancto
439 1154 551 1228 Spiritu
672 1151 828 1211 Reiectum
851 1157 967 1212 coelum
991 1159 1115 1214 sarcinis

134 1241 261 1298 Carnem
284 1241 384 1296 lucere
408 1257 534 1296 ceream.
673 1239 805 1308 Quaerat
829 1241 943 1298 securis
966 1243 1104 1316 pinnulis.

398 1360 500 1416 Gloria
522 1359 604 1416 Patri
626 1361 768 1434 ingenito,

319 1471 321 1475 ·
399 1445 502 1502 Gloria
523 1445 693 1519 Unigenito,

334 1531 373 1589 35
398 1531 490 1587 Simul
514 1547 581 1586 cum
608 1530 717 1586 Sancto
742 1531 854 1604 Spiritu

309 1665 314 1670 .
396 1617 430 1674 ln
453 1617 636 1690 sempiterna-
657 1616 786 1672 saecula.

151 1739 196 1794 De
208 1735 422 1793 Benedictioue
439 1735 524 1792 Cerei
535 1735 686 1825 paschalis
702 1737 738 1792 cf.
755 1735 845 1792 Thes.
862 1736 898 1794 11.
913 1756 943 1812 p.
960 1737 1137 1798 303-31a

105 1829 109 1832 ⁸
152 1841 207 1898 Vv.
224 1839 353 1899 21—32
367 1837 501 1914 indigent
517 1839 721 1912 explicatione.
761 1839 915 1895 Sententia
931 1846 1041 1913 poetae
1062 1842 1137 1898 haec

69 1933 126 1983 est:
151 1925 312 1982 Praeteriit
328 1930 445 1998 tempus
461 1924 650 1980 tenebrarum
670 1941 704 1980 ac
721 1923 965 1998 nebulaeliuscae
982 1925 1047 1991 (Ov.
1064 1927 1136 1982 Met.

68 2013 95 2080 5,
118 2009 204 2078 286),
227 2012 309 2066 lucet
332 2027 437 2066 cereus
460 2009 612 2082 paschalis
642 2011 740 2083 imago
764 2009 883 2066 Christi.
928 2009 966 2066 Et
989 2027 1055 2066 cum
1078 2029 1138 2066 om-

67 2098 152 2154 uibus
176 2095 363 2162 Christianis,
387 2100 450 2150 tum
459 2095 700 2151 ‘Catechumenis
723 2095 773 2150 lux
802 2111 880 2151 nova
909 2095 1027 2152 affulsit.
1074 2095 1139 2170 Spi-

67 2186 123 2239 ritu
147 2187 254 2238 sancto
267 2180 376 2244 ‚edocti
398 2186 507 2236 norunt
530 2178 628 2237 divina
649 2182 801 2254 mysteria,
825 2179 948 2246 verbum
969 2181 1024 2237 Dei
1047 2181 1137 2238 corde

67 2269 202 2325 meditati
219 2272 299 2324 sunt:
316 2283 393 2322 nunc
409 2268 452 2321 uti
468 2283 539 2340 grex
554 2266 689 2323 novellus
706 2265 857 2339 adaugent
872 2265 1003 2322 fidelium
1019 2272 1138 2323 coetum

65 2374 122 2411 non
145 2371 271 2410 numero
296 2353 391 2408 solum
414 2351 468 2407 sed
491 2353 580 2411 etiam
601 2351 745 2406 bonorum
769 2369 892 2426 operum
906 2353 1059 2408 fructibus.
1097 2354 1137 2410 At
1192 2345 1197 2350 ’

66 2459 134 2498 vero
159 2457 228 2494 cum
250 2437 379 2511 hymnus
406 2442 487 2505 totus
518 2439 557 2492 sit
582 2427 613 2492 in
635 2454 724 2510 apum
751 2435 901 2494 laboribus
929 2455 963 2494 ac
987 2441 1065 2494 curis
1088 2437 1135 2506 (cf.

66 2527 216 2599 canticum
237 2523 393 2578 Exultet
408 2523 580 2596 angelica
603 2522 709 2578 turba
726 2519 932 2590 coelorumlg
957 2525 1136 2602 sententiam

65 2629 148 2667 suam
171 2613 216 2666 ita
232 2609 388 2682 expressit,
412 2613 445 2663 ut
468 2609 565 2664 omnia
589 2613 727 2689 spectent
749 2608 788 2663 ad
802 2609 962 2680 melliferas
985 2623 1067 2684 apes.
1102 2610 1136 2665 ln

64 2697 190 2753 secretis
208 2692 318 2751 ¹favis
341 2693 418 2760 (nam
441 2694 483 2748 ita
504 2691 674 2766 legendum)
698 2692 808 2748 conditi
837 2698 906 2749 sunt
929 2693 1018 2752 divini
1040 2695 1135 2751 mellis

62 2783 193 2848 halitum
224 2783 241 2836 i.
266 2797 307 2850 e..
323 2781 444 2853 spiritus
475 2780 569 2834 sancti
601 2779 735 2852 eloquia,
765 2777 856 2834 verbo
880 2777 978 2835 divino
1000 2781 1135 2854 repletae

64 2874 132 2924 sunt
155 2866 283 2922 cellulae
307 2864 413 2920 cordis.
451 2864 513 2937 Ipsi
536 2864 741 2920 catechumeni
765 2870 973 2937 comparantur
995 2855 1062 2920 cum
1084 2883 1136 2921 no·

64 2955 140 3009 vello
164 2969 255 3026 apum
279 2952 411 3007 examine
441 2942 579 3010 alacriter
609 2951 679 3006 aira
701 2951 824 3022 petenti.
869 2949 922 3007 Vv-.
945 2951 1070 3010 28-30
1092 2953 1135 3006 ita

63 3039 90 3093 le
113 3057 142 3094 o:

92 3058 112 3113 g
371 3121 500 3197 Examen
522 3126 555 3176 ut
578 3120 675 3183 foetus
698 3123 767 3183 novi

372 3203 447 3263 Ortu
469 3211 666 3280 praetectum,
691 3207 796 3280 spiritu

256 3347 261 3356 Α
371 3291 538 3361 Retectum‚
563 3291 824 3348 coelum-sarcicis

309 3430 313 3434 .
371 3375 502 3446 Quaerat
526 3379 638 3434 securis
661 3379 799 3452 pinnulis

194 3251 217 3294 't

67 3549 85 3603 i.
106 3565 139 3612 e..
155 3557 189 3607 ut
211 3546 417 3606 catechumeni
442 3549 566 3616 coelum,
591 3547 671 3624 quod
687 3548 808 3605 sarcicis
828 3549 886 3605 iam
907 3549 973 3623 ipso
996 3553 1063 3605 ortu
1086 3551 1134 3607 vel

68 3642 189 3706 peccato
213 3637 335 3710 originis
359 3636 493 3691 clausum
516 3640 571 3702 est,
590 3640 672 3690 nunc
696 3635 817 3708 spiritus
846 3636 941 3690 sancti
971 3637 1067 3708 gratia
1089 3649 1136 3690 ree

28 3759 35 3770 .
69 3723 199 3791 generati
223 3728 373 3796 apertum,
398 3726 479 3778 certo
504 3737 538 3776 ac
561 3721 640 3776 felici
663 3737 752 3776 eursu
775 3721 931 3795 attingant.

319 3965 470 4056 Optatus
492 3947 582 4034 colis
606 3969 767 4035 omnium.
816 3967 880 4034 Th.

297 4071 380 4122 Thes.
399 4070 420 4120 Ι.
439 4087 465 4138 p.
484 4071 523 4124 62.
559 4069 631 4122 Add.
650 4069 694 4122 De
712 4069 893 4122 Asceusione.

150 4197 237 4256 Mune
259 4201 282 4256 l.
305 4163 333 4274 p.
359 4201 437 4259 232:
480 4201 587 4257 Daniel
608 4173 722 4256 erlolcirt
742 4197 773 4268 I,
800 4197 848 4256 62.
880 4197 979 4258 diesen
996 4197 1132 4272 Hymrruc

67 4277 117 4346 fiir
137 4284 203 4340 selzr
224 4287 325 4354 cellen,
348 4304 408 4342 auos
431 4305 463 4342 er
485 4285 565 4342 nicht
585 4289 633 4353 ist,
657 4287 732 4342 clena
754 4304 787 4342 cr
808 4286 914 4342 kommt
935 4288 965 4340 in
987 4285 1042 4340 den
1064 4285 1131 4340 Hcs.
1177 4321 1184 4326 -

69 4361 119 4419 der
150 4368 505 4430 victorioso-Bracae
528 4371 710 4446 vyeroo'lurliclc
733 4391 798 4440 vor,
830 4372 935 4428 melche
964 4371 1015 4426 mit
1042 4369 1071 4426 V.
1096 4367 1135 4426 17
