2788 5024
82 651 160 712 Deus
176 647 385 723 Strophenbau
407 647 485 707 nach
508 667 565 706 von
589 648 685 705 ciuem
699 647 923 706 transisisohen
938 646 993 714 Vs.)
1037 647 1154 705 Neale

86 736 156 810 Seq.
179 754 208 809 p.
235 735 295 794 144
318 753 334 792 e
355 735 473 794 Missali
496 735 678 792 Tornacensi
694 733 727 790 Τ.
749 733 935 792 Narbonensi
955 735 990 792 N.
1006 738 1037 792 ot
1059 733 1156 792 Clitis-

34 827 190 884 ,tosaeo
215 818 271 888 ci]
342 873 344 880 .
419 859 421 868 x

90 961 92 970 '
108 959 134 1014 1.
153 955 257 1012 Gaude
273 955 377 1025 Roma,
401 961 492 1030 caput
508 955 617 1024 mundi,
644 959 671 1016 8.
688 955 775 1026 Quod
795 955 931 1030 negando
948 961 994 1017 ter
1008 957 1155 1030 peccavit,

82 1045 84 1052 '
146 1041 263 1098 Primus
286 1047 391 1115 pastor
413 1044 442 1099 in
465 1043 589 1100 secundi
686 1042 815 1115 Simplex
836 1059 919 1101 amor
942 1041 1071 1116 expiavit

167 1125 322 1184 Laudetur
345 1129 477 1186 victoria.
706 1127 744 1184 Et
766 1128 844 1184 trina
867 1127 1023 1186 consessio.

86 1278 90 1287 s
147 1212 242 1270 Totus
266 1211 345 1269 orbis
368 1213 531 1270 hilareseat
684 1211 860 1288 Angelus'a
883 1229 1004 1270 carcere

147 1297 185 1354 Et
207 1299 325 1354 virtutis
349 1298 438 1354 ardor
461 1303 578 1356 crescat
684 1295 807 1354 Petrum
831 1298 920 1356 solvit
941 1298 1044 1367 libere,

168 1381 211 1440 Ex
233 1381 314 1440 Petri
337 1386 486 1443 memoria.
707 1383 889 1442 destinatum
911 1384 1020 1458 gladio.

81 1469 133 1562 ¹2.
150 1502 259 1561 Petrus
282 1505 360 1562 sacri
382 1504 431 1562 fax
451 1505 569 1572 amoris,
644 1503 671 1562 9.
688 1503 798 1561 Umbra
811 1504 953 1562 sanathio
966 1505 1156 1578 languentes,
1238 1565 1244 1571 ,
1352 1557 1354 1562 .

146 1589 211 1646 Lux
232 1587 394 1656 doctrinae,
419 1589 464 1646 sal
479 1589 619 1658 dulcoris,
640 1655 642 1658 ¹
687 1595 773 1647 sanat
785 1588 924 1657 membra,
935 1595 1022 1659 sanat
1030 1595 1154 1657 mentes,

168 1673 276 1732 Petrus
299 1691 384 1730 mons
407 1676 551 1740 iustitiae;
685 1675 807 1732 Morbos
829 1674 929 1732 reddit
950 1677 1130 1749 impotentes

81 1787 86 1818 ς
147 1759 256 1818 Petrus
279 1760 345 1816 sons
376 1765 424 1816 est
450 1760 619 1829 salvatoris,
667 1763 670 1768 '
706 1760 816 1818 Medici
838 1763 981 1834 potentia.

146 1845 275 1920 Lignum
296 1845 413 1902 fructus
436 1851 466 1902 et
489 1845 598 1912 odoris,
683 1845 806 1902 Petrum
829 1846 930 1904 Simon
950 1863 1059 1920 magus
1082 1846 1154 1914 odit,

167 1931 296 2004 Lignum
318 1948 424 1988 carens
448 1931 535 1987 carie.
616 1939 624 1944 “
684 1931 916 2006 MagumSlmon
926 1931 1033 1988 Petrus
1043 1931 1153 2006 prodit,

686 2016 794 2074 Petrus
817 2022 918 2072 monet
941 2021 972 2073 et
994 2016 1127 2075 custodit
1211 2061 1218 2076 .

27 2115 29 2122 Α
105 2049 134 2108 3.
150 2049 188 2106 Ε1
206 2048 375 2123 quidPetro
394 2025 620 2126 dicisdignum?
828 2104 833 2116 ,
962 2105 968 2116 ,
1045 2093 1056 2112 ,

707 2103 734 2158 Α
756 2119 837 2177 magi
858 2107 997 2160 versutia.

148 2135 270 2190 Nullum
292 2135 403 2192 Christi
425 2135 530 2193 videns
561 2138 621 2212 sig-

209 2306 215 2318 ·
486 2239 568 2321 Jfflffl,
623 2239 671 2298 10.
688 2239 744 2296 Hic
768 2256 786 2296 a
811 2243 899 2314 petra
915 2239 1034 2296 Christo
1058 2239 1156 2298 dictus

151 2303 266 2405 ,PilfflO
290 2305 348 2389 ⁸¹¹1),
367 2312 530 2406 &mummia
682 2323 716 2382 In
740 2324 880 2381 conflictis
903 2329 963 2381 stat
989 2326 1127 2395 invictus,

145 2391 235 2466 Fugll
256 2396 329 2460 Γθῒθ,
353 2391 430 2466 suffit
451 2399 555 2460 ratem,
682 2411 768 2467 Licet
790 2411 868 2485 iugis
893 2411 930 2468 sit
954 2412 1109 2468 conflictus

145 2477 282 2534 Necdum
304 2477 393 2550 plene
419 2480 575 2535 veritatem
704 2497 742 2552 Et
765 2498 864 2572 gravis
889 2497 1070 2570 congressio,

106 2567 111 2570 ’
169 2561 396 2656 ΟθῃῒθξῑῑΡῙᾶῗΠΥ
419 2564 532 2636 spiritu·
685 2581 758 2637 Cum
781 2581 883 2638 volare
906 2599 1012 2655 magus
1029 2583 1155 2657 quaerit,

104 2682 134 2737 4.
151 2679 232 2736 Auro
256 2696 361 2738 carens
384 2687 415 2738 et
437 2687 561 2756 argento
684 2667 779 2724 TOtUS
802 2684 891 2758 ruens
915 2673 996 2723 t⁰t⁰³
1018 2669 1106 2742 perit,

169 2765 316 2821 Cornscat
338 2768 498 2835 miraculis,
684 2751 779 2821 Quem
802 2751 901 2809 ‘filista
924 2751 1012 2826 digne
1034 2753 1103 2817 serit
1203 2814 1211 2822 .

148 2850 175 2905 Α
197 2867 356 2906 nervorum
386 2851 440 2908 sub
469 2859 617 2910 ammento
706 2838 744 2892 Et
767 2837 946 2894 condemnat
967 2839 1048 2896 ultio.

170 2934 314 2992 Claudum
338 2937 427 2994 ⁸⁰¹Vit
448 2939 582 2996 vinealis·
621 2975 667 3030 11.
685 2973 765 3046 Nero
788 2973 898 3032 frendit
919 2975 1105 3044 furibundus,
1179 3003 1186 3014 ·

104 3055 131 3112 5.
147 3052 285 3129 Paralysi
301 3055 466 3114 dissolutus
706 3061 786 3116 Nero
809 3059 924 3135 plangit
946 3063 1077 3136 impium,

167 3140 287 3197 Aeneas
310 3143 443 3216 erigitur,
683 3145 777 3214 Nera,
802 3148 886 3202 ouius
910 3163 1000 3222 aegre
1027 3146 1154 3204 mundus

146 3225 268 3282 Petrum
289 3243 434 3300 praesens
458 3229 505 3285 dei
528 3235 618 3286 nutus
705 3231 834 3288 Ferebat
855 3233 1018 3306 imperium.

114 3379 117 3384 ·
167 3310 215 3365 Ad
237 3316 340 3366 mum
361 3317 562 3388 pmsequm'
622 3367 668 3423 12.
683 3367 762 3442 Ergo
785 3368 875 3425 Petro
900 3345 971 3426 erun
992 3375 1116 3444 paratur
1184 3382 1188 3386 '

104 3431 133 3490 6.
148 3428 257 3486 Petrus
280 3431 370 3486 vitam
398 3431 450 3486 dat
472 3432 617 3490 Tabithae
705 3453 733 3506 A
754 3455 896 3510 ministris
920 3455 1076 3522 scelerum,

146 3515 347 3589 Iuvenemque
370 3515 469 3574 reddit
490 3519 570 3575 vitae
687 3537 828 3612 emcjfigi
851 3544 1037 3596 messam

167 3599 323 3656 potestate
346 3601 448 3660 libera·
666 3646 676 3650 -
707 3622 740 3678 In
762 3623 820 3680 hac
844 3623 980 3682 Christus
1003 3627 1119 3693 iterum,

144 3685 227 3742 Pede
254 3687 362 3759 premit
389 3687 498 3744 fluctus
528 3689 617 3746 maris

145 3771 183 3828 Et
204 3776 360 3828 nutantem
384 3773 523 3830 salutaris
623 3759 668 3818 13.
685 3759 775 3816 Petro
800 3765 869 3818 sunt
892 3779 964 3818 oves
988 3760 1120 3818 creditae

165 3855 288 3914 Pesmm
310 3859 390 3932 regit
413 3858 543 3916 dextera,
684 3845 851 3920 Clavesqne
874 3849 960 3922 regni
982 3847 1119 3916 traditae,

705 3931 787 4006 Petri
809 3933 907 4006 praeit
929 3936 1079 3990 sententia

103 3973 131 4032 7.
146 3976 238 4032 Facta
261 3975 375 4048 Christi
395 3981 571 4052 quaestione
704 4017 818 4092 ΜΒΝ
842 4022 873 4074 et
902 4019 1021 4075 solvens
1050 4021 1155 4079 omnia·

144 4059 232 4120 Brevi
255 4061 368 4119 claudit
390 4064 438 4120 hic
467 4081 604 4125 sermone

165 4145 267 4202 Fidem
289 4151 505 4218 neeessariam
622 4153 667 4210 14.
684 4152 818 4211 Pastoris
841 4157 935 4212 nostri
958 4157 1070 4212 meritis

145 4229 230 4286 Hunc
254 4250 414 4306 personam
429 4235 502 4293 dicit
516 4247 613 4305 unam,
702 4241 747 4295 Ac
770 4257 860 4314 prece
884 4241 1039 4297 salutifera

146 4313 207 4372 Sed
228 4334 287 4373 non
310 4323 391 4376 tacet
417 4326 617 4398 opportunam
683 4323 745 4380 Nos
769 4341 786 4382 a
809 4328 927 4400 peccati
950 4326 1068 4394 debitis,

106 4442 108 4450 .
166 4400 298 4460 Naturae
321 4402 502 4465 distantiam.
703 4409 836 4474 Aeterue
858 4416 973 4487 pastor,
995 4412 1097 4488 libera
