2904 5028
689 441 798 530 sn,

409 625 449 685 55
473 625 513 682 O!
537 623 656 702 quando
680 623 767 682 detur
789 627 905 682 animae

383 737 387 745 «
471 713 529 768 hac
551 711 664 786 perfrui
680 709 847 778 dulcedine,

473 813 562 872 quam
584 795 881 870 Deus‘diligentibus

474 899 506 938 se
528 883 719 956 praeparavit
741 881 901 938 mentibus!

470 967 545 1023 Eum
566 971 672 1040 rogate
695 967 856 1040 supplices

409 1053 449 1111 60
471 1057 505 1108 ut
527 1053 635 1107 choros
658 1053 735 1108 inter
758 1052 881 1108 coelites

471 1137 555 1196 vobis
579 1155 632 1226 nos
655 1139 760 1211 iungat
783 1137 893 1196 exules.

622 1298 817 1308 --—--———-·-

339 1399 450 1484 Quam
469 1399 617 1488 pulchre
633 1399 796 1485 creditur
814 1399 889 1484 filia
912 1351 1100 1490 Principis.

353 1501 398 1556 De
415 1499 647 1554 Praesentationc
671 1501 806 1568 Virginis.
841 1501 922 1554 Brev.
943 1503 1084 1558 Tullense.

281 1648 285 1652 ’
387 1631 483 1701 Quam
504 1631 628 1706 pulchre
651 1630 786 1706 graditur
807 1632 874 1689 filia'
895 1631 1050 1708 Principis,

200 1756 208 1765 -
295 1723 299 1743 ⁴
385 1717 491 1791 templi
514 1733 580 1773 cum
602 1722 745 1790 prop-erat
766 1717 867 1773 limina
889 1723 1027 1794 tangere!

450 1801 601 1876 praeludit
623 1802 745 1870 meliori,

515 1904 604 1963 quam
626 1905 693 1946 mox
715 1886 820 1945 offeret
842 1889 997 1946 hostiam·

347 2041 365 2100 5
388 2041 411 2098 E
434 2043 536 2116 matris
559 2041 671 2115 gremio
694 2041 828 2097 Numinis
850 2043 880 2097 in
903 2043 998 2098 sinum

386 2127 483 2183 infans
506 2145 566 2183 non
588 2123 684 2182 dubiis
707 2125 846 2200 passibus
869 2127 1003 2184 advolat:

363 2234 369 2240 ⁸
450 2211 541 2288 Virgo
563 2211 697 2268 Numinis
721 2228 782 2280 ara,

515 2297 573 2353 aris
596 2298 716 2354 victima
739 2299 861 2354 sist'tur.

389 2451 505 2526 Sponso
529 2449 661 2507 membra
682 2451 746 2507 Deo
769 2451 869 2508 mollia
892 2450 1028 2521 devovet,

327 2538 368 2596 10
391 2535 488 2594 cordis
511 2537 635 2610 virginei
659 2534 778 2592 dedicat
799 2538 914 2594 intima:

403 2647 408 2651 ·
451 2621 548 2679 Verbo
573 2619 673 2677 debita
695 2626 791 2678 mater

515 2705 613 2763 Verbo
636 2707 752 2764 viscera
775 2713 940 2764 consecrat.

387 2861 499 2917 Tecum
515 2865 622 2917 cuneta
636 2859 699 2916 Deo
721 2858 848 2934 prodigo
865 2859 935 2916 dum
950 2877 1052 2929 voves,

386 2946 510 3014 Numen,
533 2947 634 3018 Virgo,
658 2947 702 3002 tui
722 2947 854 3019 pectoris
877 2947 982 3002 incola.

224 3061 229 3075 =
327 3031 363 3089 15
451 3035 563 3106 quanto
586 3031 708 3098 foenore
730 3036 839 3104 pensat

514 3122 623 3184 terrae,
647 3133 725 3191 quae
747 3115 826 3172 bona
849 3115 992 3190 despicis!
1024 3113 1031 3129 ‘

331 3291 333 3298 e
390 3270 435 3327 Sit
458 3287 597 3344 suprema
619 3268 672 3326 tibi
695 3269 799 3345 gloria,
822 3269 961 3338 Trinitas,

389 3373 448 3430 quo
471 3357 563 3430 Virgo
585 3360 719 3412 teneram
742 3373 775 3412 se
797 3359 887 3413 vovet
906 3351 1046 3422 hostiam,

352 3447 387 3502 ’,
451 3443 518 3514 puri
539 3441 661 3496 Flamen
683 3442 801 3508 amoris,
864 3503 869 3508 ,

326 3525 367 3584 20
516 3525 563 3581 fac
586 3542 640 3581 nos
663 3527 721 3581 iam
743 3526 795 3581 tibi
819 3527 928 3606 vivere.

621 3691 822 3701 -..κ-...ρ-

517 3787 563 3854 Ut
584 3807 656 3854 axe
678 3793 764 3854 ruat
784 3806 926 3856 cereae.

571 3887 615 3942 De
633 3885 722 3942 Beata
740 3888 867 3958 Virgine.

221 4021 289 4082 ut
311 4037 364 4078 axe
388 4025 458 4079 suut
480 4013 587 4078 serena
630 4065 634 4070 .
707 4057 714 4071 ,
786 4019 843 4086 Sic,
867 4020 961 4093 virgo,
986 4017 1131 4075 claritatis

176 4105 182 4114 '
248 4111 395 4163 nocturna
418 4105 525 4173 sidera,
652 4125 660 4144 s
787 4121 819 4160 es
842 4105 915 4160 flore
937 4103 1060 4178 fulgida,

161 4212 173 4258 ‘.
248 4196 282 4248 ut
304 4203 396 4250 verua
418 4196 488 4248 sunt
503 4181 641 4264 ,amoena
785 4190 837 4256 sic,
860 4195 964 4256 mater,
989 4191 1124 4246 caritatis

249 4277 279 4332 in
302 4277 413 4350 campis
435 4277 524 4335 lilia:¹
609 4317 610 4322 η
785 4291 818 4330 es
840 4292 907 4332 rore
929 4273 1063 4348 limpida.
1086 4315 1088 4328 ,

624 4420 826 4470 ...n-...rh-
