2904 5028
219 595 298 652 inter
319 591 446 648 virtutes
469 592 529 654 est,
557 585 641 644 velut
662 586 740 642 iuter
762 583 884 642 metalla
906 601 1018 642 aurum.
1061 574 1085 662 b
1115 601 1204 653 vero,
1232 585 1294 642 sive

219 680 252 747 F,
280 676 370 736 rubro
393 673 565 748 depingitur
587 671 701 738 colore,
731 671 802 746 quia
823 669 868 726 ab'
882 671 942 728 ista
963 671 1052 728 litare
1073 669 1179 728 Fides
1202 671 1291 744 signi·

221 765 305 824 ficari
326 765 443 835 potest:
483 775 543 832 qua
564 757 715 830 Martyres
737 761 932 830 purpuratam
955 757 1001 813 sui
1024 757 1145 814 cruoris
1160 755 1291 838 chlamy·

209 849 289 908 ,dem
310 843 406 904 induti
429 847 506 900 sunt.
1316 857 1320 864 ·

305 932 369 988 Iam
399 928 436 986 de
465 929 556 985 variis
585 928 711 984 istarum
740 929 965 1001 sequentiarum
993 925 1159 984 nominibus
1182 923 1294 1000 aliquid

187 1037 197 1042 ”
223 1017 382 1078 dicendum
404 1019 460 1071 est.
504 1013 543 1068 m
564 1011 635 1069 mihi
656 1011 794 1087 quidem,
818 1013 843 1068 si
865 1013 907 1068 ita
930 1015 1022 1069 statui
1043 1017 1164 1087 posset,
1188 1027 1294 1093 conve*

222 1103 353 1162 nientius
375 1099 503 1166 videtur,
526 1103 560 1153 ut
582 1113 660 1172 quae
683 1097 896 1154 Notkcrianam
917 1099 1051 1154 referunt
1072 1097 1217 1164 indolem,
1240 1111 1293 1152 eae

220 1203 425 1265 prosarum,
449 1201 527 1259 quae
546 1200 621 1239 vero
637 1183 807 1256 rhythmice
821 1183 1000 1250 scribuntur,
1023 1183 1294 1258 sequentiarum
1377 1191 1381 1195 '

222 1273 310 1340 titulo
326 1270 573 1344 intelligerentur.
596 1267 725 1336 Monius‚
738 1270 1008 1342 manuscriptorum
1023 1269 1152 1327 sortasse
1168 1268 1294 1324 auctori·

221 1363 316 1424 tatem
331 1360 463 1422 secutus,
484 1353 513 1410 S.
529 1353 654 1410 Notkeri
667 1353 780 1409 foetum
795 1355 960 1428 troparia
976 1351 1104 1420 vocat.*)
1148 1351 1235 1424 Quod
1250 1357 1294 1408 ta·
1310 1427 1315 1431 η

224 1461 292 1516 men
308 1438 421 1520 aliquid
436 1436 614 1496 incommodi
628 1437 730 1494 habet.
755 1437 926 1512 Optandum
942 1439 1019 1496 enim
1035 1443 1117 1498 esset
1131 1443 1174 1506 ut,
1198 1435 1297 1513 quoad

222 1529 288 1590 fieri
310 1530 428 1602 potest,
466 1541 556 1580 unum
585 1521 724 1600 idemque
755 1517 877 1581 verbum
907 1541 997 1582 unam
1026 1523 1211 1598 eandemque
1233 1540 1295 1580 rem

224 1613 420 1690 significarem
443 1609 535 1666 multo
559 1614 659 1666 autem
681 1611 787 1684 magis,
812 1621 879 1666 cum
902 1607 939 1665 de
961 1611 1026 1684 pari
1049 1612 1174 1668 materia
1189 1610 1295 1684 agitur.

223 1699 265 1756 At
287 1697 462 1772 sequentiae
484 1694 684 1752 Notkerianae
716 1693 846 1770 quodam
872 1694 1137 1754 modo-Ecclesiae
1161 1693 1294 1750 Graecae
1359 1697 1362 1705 '

156 1814 159 1820 ·
184 1848 187 1854 ,
225 1771 318 1862 ᾠδαῖς
340 1779 538 1856 respondent;
575 1797 653 1854 quae
677 1779 761 1836 Odae
785 1797 819 1836 ex
841 1781 955 1837 incerto
979 1798 1101 1837 numero
1123 1769 1293 1858 τροπαρίων

226 1873 373 1928 constant.
418 1865 490 1922 ldeo
514 1866 624 1950 singuli
647 1867 822 1940 sequentiae
845 1883 967 1934 versus,
998 1867 1115 1924 minime
1138 1881 1208 1923 vero
1232 1867 1296 1920 tota

226 1955 392 2030 sequentia,
417 1969 452 2008 eo
475 1951 562 2006 titulo
585 1950 713 2007 vocandi
736 1955 847 2020 essent,
872 1953 897 2007 si
919 1952 1087 2026 analogiam
1100 1949 1219 2007 dicendi
1235 1966 1297 2006 ser·

225 2056 306 2106 vare,
331 2036 412 2112 qnod
434 2053 605 2110 possumus,
628 2035 783 2094 vellemus.
799 2063 842 2074 -
856 2035 953 2112 Atqui
963 2037 1153 2095 Notlrerianis
1169 2051 1296 2110 sequen*

225 2126 274 2182 tiis
296 2124 347 2180 alii
369 2124 399 2178 in
421 2122 632 2194 manuscriptis
647 2139 860 2196 nonnunquam
880 2113 1196 2197 praefigunturltituli
1220 2137 1295 2195 quos

225 2226 297 2266 ere
320 2210 377 2265 erit
397 2209 427 2263 in
450 2205 580 2263 medium
601 2207 745 2280 proferre.
792 2205 1296 2270 Occidentaua.—Fidicula
1353 2191 1366 2218 ⁸

223 2322 266 2332 —
301 2293 600 2361 Laetatus,sum.
642 2291 813 2369 Dominus
849 2295 1031 2368 regnavit.
1076 2293 1165 2361 Duo,
1208 2297 1293 2348 tres.

222 2379 350 2436 Iustus
393 2374 621 2452 germinabit.
682 2376 911 2450 Symphonia.
970 2377 1135 2434 Romana.
1193 2377 1295 2451 Frig-

133 2505 136 2510 -
225 2463 316 2524 dola.
339 2461 431 2518 -A
467 2452 627 2536 postremis
659 2461 844 2535 incipiamus.
888 2463 1082 2519 Eckehardus
1113 2465 1144 2519 in
1174 2479 1228 2520 suo
1258 2460 1295 2518 de

225 2547 344 2606 casibus
367 2547 396 2604 S.
422 2545 500 2603 Galli
521 2545 623 2602 libello
645 2549 687 2602 ita
710 2547 843 2603 scribit:-
872 2548 1017 2619 „Fecerat
1043 2546 1165 2623 quidam
1186 2545 1293 2604 Petrus
1332 2575 1340 2586 =

205 2633 264 2691 »ibi
284 2625 427 2698 iubilos;“
450 2629 546 2687 -id
569 2636 629 2700 est,
660 2637 843 2700 neumata,
874 2633 919 2690 ‘de
942 2633 1049 2708 quibus
1073 2638 1161 2690 antea
1184 2631 1295 2690 dictum

224 2723 271 2776 est
292 2745 334 2756 --
357 2715 416 2788 „ad
439 2715 618 2790 Sequentias
649 2733 724 2791 quas
747 2717 900 2774 Metenses
930 2713 1079 2777 vocabat“
1102 2745 1145 2757 --
1168 2733 1295 2793 sequen·
1327 2777 1330 2792 ,

223 2805 331 2862 tiarum
359 2803 476 2858 nornine
506 2803 613 2858 seriem
642 2807 814 2872 neumatum
843 2804 938 2859 innuit
958 2830 1002 2842 —-
1024 2803 1195 2875 „Romanus
1222 2817 1295 2860 vero

223 2889 356 2948 Romane
379 2891 410 2944 et
432 2903 556 2944 amoene
579 2886 616 2943 de
641 2905 694 2944 suo
717 2886 826 2944 iubilos
842 2887 1057 2958 modulaverat,
1082 2905 1159 2963 quos
1175 2887 1294 2964 quidem

196 2968 198 2972 ’
223 2979 294 3048 post
316 2972 466 3028 Notkerus
497 2972 605 3048 quibus
631 2971 766 3030 videmus
788 2972 887 3032 verbis
909 2974 1023 3048 ligavit.
1067 2972 1230 3048 Frigdorae
1252 2974 1293 3030 vi·

226 3058 337 3116 delicet
366 3063 397 3114 et
426 3057 649 3114 Oc'cidentanae
686 3075 762 3132 quos
793 3059 836 3114 sic
863 3059 1057 3133 nominabant
1084 3059 1210 3126 iubilos‚
1247 3059 1293 3117 his

225 3145 373 3202 animatus
395 3143 486 3199 etiam
507 3143 573 3216 ipse
597 3140 633 3198 de
650 3159 704 3198 suo
717 3145 910 3218 .excogitavit.
955 3143 988 3200 in
1005 3145 1111 3219 quibus
1127 3131 1307 3202 Eckehardi‘

162 3216 166 3227 .
225 3227 332 3296 verba,
369 3233 403 3283 ut
433 3228 502 3284 olim
539 3227 710 3290 observavit
737 3229 784 3284 Du
814 3222 961 3310 Gangiup,
999 3231 1058 3287 vim
1094 3235 1147 3288 aut
1176 3233 1295 3303 etymon

224 3313 308 3372 verbi
336 3313 384 3370 vix
407 3313 474 3387 quis
498 3319 714 3386 agnoscat-
755 3313 1006 3372 Occidentana
1034 3316 1160 3372 forsitan
1189 3331 1300 3378 nomen·
1328 3363 1334 3372 .

225 3399 315 3456 traxit
335 3415 372 3456 ex
393 3398 430 3454 iis
452 3397 602 3465 melodiis,
640 3415 716 3473 quae
740 3415 788 3469 „a
801 3397 949 3467 Gimedia,
986 3417 1005 3456 a
1025 3399 1224 3460 Nordmannis
1247 3416 1296 3458 va·

224 3476 324 3542 stata“
355 3481 566 3556 presbyterum
595 3481 744 3559 quendam
767 3483 806 3539 ad
829 3483 857 3540 S.
882 3483 1000 3540 Gallum
1029 3485 1168 3544 attulisse
1195 3489 1296 3542 namet

191 3569 254 3636 ,S.
277 3568 437 3626 Notkerus.
482 3567 673 3626 Romanam
702 3585 761 3624 non
790 3570 847 3626 nisi
869 3569 1028 3628 melodiam
1057 3569 1194 3644 quae-ab
1216 3570 1294 3629 Urbe

22 3643 25 3736 j
224 3654 343 3712 venisse
374 3650 552 3710 credebatur
581 3653 785 3710 intellexerim.
831 3653 1005 3729 Frigdola
1041 3656 1090 3714 vel
1118 3655 1297 3731 Frigdora

22 3739 25 3816 l
158 3773 161 3780 ·
224 3739 341 3798 facilius
365 3739 503 3811 agnoscit
526 3742 659 3810 etymon:
687 3737 775 3802 idem,
790 3740 866 3796 enim
889 3739 953 3798 vult
975 3745 1068 3816 atque
1088 3739 1295 3816 Phryge-Do·

22 3817 23 3824 '
151 3821 159 3840 ‘
223 3823 331 3880 riuum:
369 3821 485 3880 idest:
523 3823 624 3878 Tonus
654 3823 767 3896 primus
797 3825 906 3882 mixtus
929 3841 996 3882 cum
1018 3827 1115 3884 tertio.
1159 3825 1297 3891 Fidicu:

223 3908 317 3976 lam,
344 3912 468 3964 auctore
490 3907 615 3974 Wolfio,
654 3908 878 3968 ecclesiasticae
901 3911 1033 3970 musicae
1057 3912 1218 3968 ¹inserviise
1250 3916 1298 3970 sat

224 3994 302 4060 seim
324 3991 398 4066 quid
419 3998 520 4050 autem
540 3992 610 4053 loco
632 3993 710 4050 tituli
724 3992 781 4067 sibi
795 3994 868 4051 velit
882 3992 1011 4055 viderint
1026 3995 1186 4054 doctiores.
1209 3993 1304 4066 Quoi»

225 4117 452 4132 ffl-——a—--m—-n

292 4186 317 4267 *l
336 4201 397 4272 Ego
416 4219 450 4256 ne
468 4217 554 4255 unum
571 4201 638 4256 novi
656 4203 789 4274 codicem,
808 4205 837 4258 in
852 4219 907 4273 quo
922 4193 1292 4274 SequentiaeNotlrerianae

222 4269 366 4350 adscripta
377 4270 422 4350 'sit
439 4287 494 4350 yon
511 4271 672 4350 tropariiae
705 4271 804 4340 Neque
823 4273 947 4335 Monius‚
968 4276 1070 4342 vquoad
1093 4275 1193 4338 sciam,
1210 4275 1293 4329 bane

222 4351 368 4398 vocemm
384 4338 551 4396 abuentes.
569 4339 711 4396 mvoaisse
729 4345 866 4414 autumat.
883 4341 976 4406 Dan„
1045 4349 1046 4352 ’
1170 4355 1172 4358 ·
