2836 5024
226 577 296 640 692.
331 565 488 649 [muas
509 565 646 636 debitae
668 565 747 636 Deo
769 571 892 636 nostro
914 568 1106 634 reddamus
1128 570 1215 638 acad

116 662 227 724 'voce
252 653 455 740 praeclara.
498 661 532 718 In
569 663 717 720 communi
753 663 950 761 virginum.
994 661 1106 720 Neale
1145 663 1213 739 Seq.

143 771 172 826 p.
196 749 266 810 236.
290 766 307 806 e
328 747 444 808 Missali
464 747 652 807 Nidrosiensi
678 743 779 815 1519l

167 873 193 930 1.
215 867 336 926 Laudes
360 866 476 924 debitas
499 867 562 924 Deo
585 870 689 924 nostro
711 865 891 936 reddamus,
916 869 1001 935 socii,
1031 885 1107 924 vooe
1128 884 1214 943 prae·

163 1041 191 1100 2.
213 1038 270 1109 Qui
292 953 435 1096 emm
455 1035 615 1111 prudentia
637 1039 767 1097 omnium
789 1043 994 1096 creaturarum
1016 1039 1146 1106 saecula,

163 1125 191 1184 3.
213 1125 252 1182 Et
272 1123 362 1180 hodie
385 1138 453 1180 cum
475 1124 594 1179 sanctis
617 1125 680 1179 suis
704 1125 859 1181 coronavit
880 1125 1025 1198 virginem
1046 1124 1198 1198 inclytam.

57 1213 63 1221 '
164 1211 195 1268 Δ.
219 1211 253 1266 In
274 1209 412 1284 polorum
434 1207 556 1265 sedibus
578 1225 633 1282 per
654 1207 785 1282 palmam
807 1209 949 1283 martyrii,
973 1210 1017 1267 N..

165 1295 194 1355 5.
217 1293 303 1354 Unde
326 1293 469 1370 gaudium
492 1300 523 1350 et
543 1295 658 1351 laetitia
680 1294 862 1352 coelestibus
891 1295 989 1352 choris
1013 1293 1121 1370 agitur,
1157 1309 1158 1313 ’

165 1381 194 1442 fl.
218 1380 491 1479 Atquelmulignus
516 1379 638 1454 spiritus
674 1381 773 1438 victus
799 1379 869 1437 inde
898 1385 1055 1466 torquetur
1091 1385 1122 1438 et
1144 1398 1213 1438 con-

133 1619 135 1623 ·
168 1552 197 1610 7.
221 1469 337 1610 1111ιοιιἹ
329 1469 443 1610 §affl⁸
453 1567 544 1625 prece
571 1555 732 1625 menteque
763 1534 884 1609 conscia
912 1551 1099 1626 postulemus
1128 1551 1215 1609 istius

112 1748 115 1752 ·
166 1724 195 1783 8.
218 1635 498 1796 Ιηνὶοἳὲἒθῗξτιέἰιιὶε
528 1725 560 1777 et
588 1721 764 1789 inviolatae,
802 1722 990 1789 carissimae,
1028 1673 1161 1778 dicemus
1184 1725 1215 1778 et

169 1894 196 1954 9.
219 1893 266 1952 Tu
287 1807 383 1966 1ῖὲιὲῗί
396 1891 563 1948 clarissima
585 1893 705 1965 sapiens
728 1890 838 1948 domini
860 1894 955 1950 nostri
977 1851 1098 1966 sponsa,

149 1979 196 2041 iu.
220 1977 352 2052 Fulgens
374 1977 452 2034 inter
474 1977 593 2050 agmina
615 1983 786 2036 sanctorum
809 1978 872 2045 Dei,
896 1977 921 2056 Ο
944 1977 990 2045 N,

150 2065 196 2124 11.
212 2053 365 2121 'altissimi
387 2060 486 2120 Patris
508 2061 613 2118 Filium
634 2079 689 2136 pro
711 2061 797 2119 nobis
819 2063 924 2137 rogita,

143 2149 196 2210 ¹12.
221 2147 278 2217 Qui
300 2147 415 2222 fragilis
439 2148 536 2204 carnis
558 2153 683 2222 propter
704 2165 759 2204 nos
781 2146 878 2206 induit
898 2146 1042 2223 pondera,

150 2234 196 2294 13.
219 2233 259 2295 Ut
281 2235 311 2290 in
333 2236 513 2306 perpetuum
534 2231 621 2290 nobis
643 2233 797 2307 impendat
819 2235 1001 2307 sempiterna
1022 2251 1125 2308 regna,

146 2319 196 2381 14.
221 2319 278 2378 Ubi
299 2320 492 2377 concinamus
516 2333 635 2392 semper
649 2319 850 2393 refulgentes:
874 2319 1011 2378 Alleluia.

235 2439 281 2497 10.
304 2438 436 2494 Neale:
459 2437 554 2505 liter,
578 2437 604 2492 Ο
627 2437 734 2494 Lucia:
763 2441 891 2512 forsitan
926 2438 1010 2512 quod.
1027 2440 1057 2494 in
1082 2435 1216 2494 Ecclesia

146 2524 327 2580 Mortem
365 2523 395 2580 S.
418 2523 509 2580 tucia
539 2525 638 2598 prima
669 2532 741 2598 post
775 2526 918 2600 inceptum
948 2541 1054 2582 annam
1090 2525 1231 2609 ocortrrt't¹

152 2609 248 2684 Virgo,
270 2609 354 2665 cuias
375 2611 527 2681 sequeutia
548 2627 566 2664 e
590 2609 733 2666 Communi
760 2611 907 2685 Virginem
929 2612 1051 2666 canitur.

579 2739 668 2746 —-
681 2741 782 2748 .-.4.-

232 2847 318 2910 693.,
352 2834 530 2921 [Vasates
565 2840 688 2906 coetae
724 2835 876 2922 Virginis
911 2856 1069 2905 summae
1106 2837 1215 2908 decus

145 2923 408 3010 praecinentes.
431 2931 465 2987 In
480 2931 634 3012 Communi
649 2931 844 3006 Virginum.
865 2931 990 2990 Neale.
1015 2931 1082 3006 Seq.
1104 2950 1133 3005 p.
1146 2929 1215 2988 237.

103 3095 105 3100 ,
145 3018 299 3077 eMisseii
321 3017 503 3076 Toruacensi
529 3010 629 3088 154⁰]

171 3141 197 3196 1.
220 3139 358 3212 Virgines
396 3141 498 3194 castae
531 3136 661 3212 Virgiuis
699 3151 831 3194 summae
868 3135 960 3193 decus
996 3137 1216 3211 praecinentes,

298 3223 442 3280 Caeteros
466 3239 588 3297 quoque
612 3219 776 3295 condignas
800 3221 888 3279 laude
925 3225 996 3296 post
1026 3221 1105 3278 hanc
1127 3238 1217 3279 vene-

301 3311 414 3374 rantes,
437 3305 564 3362 Psalmis
588 3311 619 3363 et
640 3307 760 3380 hymnis
784 3309 908 3364 canticis
932 3307 1029 3380 dignis
1047 3307 1103 3367 sibi
1126 3307 1217 3363 collo-

300 3395 442 3466 quentes,
467 3391 592 3448 Solvant
614 3393 643 3447 in
665 3392 732 3447 istis
757 3389 876 3448 debitae
898 3391 996 3448 laudis
1018 3392 1134 3448 hostias
1158 3391 1217 3448 sol-

298 3477 411 3532 lennes.

168 3561 195 3620 2.
219 3562 301 3619 Haeo
325 3566 372 3636 est
395 3579 413 3618 a
435 3560 546 3616 dextris
577 3561 722 3617 assistens
753 3563 835 3636 regis
872 3561 924 3618 illa
956 3562 1084 3635 reginas
1112 3560 1218 3618 Iuncta

298 3647 393 3704 latere
417 3646 483 3703 sols
505 3663 572 3702 cum
594 3661 667 3721 rege
690 3645 846 3720 praeeedit
868 3649 950 3720 ipsa,
987 3647 1101 3702 Aurata
1123 3647 1216 3702 vestis

298 3733 444 3790 varietate
468 3733 698 3788 circumamicta.
716 3731 872 3807 Tanquam
894 3731 1059 3789 ductricem
1081 3733 1217 3807 sequitur

255 3811 257 3818 ’
296 3819 381 3876 illam
403 3833 541 3893 quaeque
563 3817 662 3874 beata.

168 3905 194 3962 3.
218 3904 293 3962 Post
316 3921 382 3960 eam
405 3901 555 3960 adductae
569 3904 716 3978 virgines
740 3902 866 3961 devotae
887 3903 964 3979 Regi
996 3909 1065 3961 sunt
1087 3903 1215 3971 oblatae,

272 3987 431 4058 -[Christo
455 3986 669 4058 consecratael.
716 3989 805 4046 Tales
839 3995 924 4049 eraut
946 3989 1072 4056 Thecla,
1104 3988 1216 4064 Agnes,
1327 4017 1329 4023 ι

297 4076 450 4144 itatenus,
472 4075 612 4150 Agathos
635 4079 666 4132 et
688 4075 816 4134 Martha.

168 4160 196 4222 i.
218 4161 309 4218 Filiae
331 4161 404 4236 Tyri
425 4178 549 4220 munera
571 4163 712 4227 serentes,
736 4159 774 4218 Et
795 4163 825 4216 in
846 4160 893 4216 his
914 4160 1006 4236 Regis
1029 4161 1145 4218 vultum
1167 4158 1219 4218 de·

299 4251 468 4320 precantes,
492 4247 615 4306 Hostias
638 4245 752 4302 habeut
773 4248 889 4304 cunctis
911 4248 1058 4320 puriores,
1086 4245 1218 4319 Corpore

302 4331 443 4404 mundae,
466 4331 557 4394 eorde
584 4333 760 4392 sanctiores.
