2848 5030
662 467 709 542 .
766 499 770 509 Ι
795 445 802 452 .

150 656 317 731 Sequentia
338 655 369 711 in
390 653 501 731 Anglia
523 654 704 727 composita:

278 792 349 848 Flur
371 789 409 847 de
432 791 579 868 virginiis,

192 896 199 908 ‘
279 875 427 934 chambre
450 875 617 944 d'onestite,

278 963 437 1020 De-merci
458 978 539 1019 mere
563 966 594 1017 et
616 959 653 1017 de
675 961 751 1034 pitc;

278 1049 355 1105 Dieu
377 1064 433 1104 vus
456 1053 533 1114 sant,
556 1047 671 1121 virgine
693 1059 778 1120 pure,

277 1131 315 1190 Ki
337 1139 443 1189 nature

278 1215 503 1293 D'engendrure

278 1303 302 1359 E
324 1309 466 1376 porteure

278 1389 452 1446 Surmontet
474 1387 610 1446 Parvos
631 1387 740 1444 bontez
763 1385 843 1444 Dont
864 1389 930 1442 tant
957 1401 1031 1444 aven

278 1473 322 1531 Kc
344 1473 413 1530 bien
435 1491 510 1548 poez
533 1471 626 1530 Aider
648 1491 733 1530 assez
756 1473 799 1528 As
822 1472 1020 1538 messuissiez,
1044 1474 1100 1528 etc.

147 1611 185 1754 {p
198 1609 322 1752 (1111111113
355 1627 410 1686 pro
434 1607 622 1668 dedicatione
654 1609 817 1677 eeclesiae,
848 1613 971 1664 auctore
997 1604 1143 1664 Marbodo
1172 1604 1226 1679 Ep.
1331 1626 1335 1634 ’

179 1713 335 1753 conensrz
361 1723 364 1738 «
879 1719 881 1723 v

398 1815 435 1872 Ki
456 1816 533 1873 Dieu
554 1814 669 1874 voudra
692 1815 786 1873 servir

287 1891 299 1912 ⁸
398 1901 473 1958 Cum
495 1901 549 1958 des
572 1903 671 1976 pieres
696 1905 800 1958 contes
824 1899 958 1966 clairzur‚

398 1986 443 2044 Eu
464 1987 495 2044 la
517 1987 582 2044 Cite
603 1987 670 2044 Deu
693 2002 762 2044 sera
783 2002 858 2059 pose

397 2071 421 2128 E
445 2072 474 2129 el
494 2071 686 2130 fundamento
708 2071 785 2128 bien*
800 2070 878 2126 allos

398 2156 443 2213 En
464 2159 561 2216 vision
584 2156 621 2214 de
643 2173 699 2232 pan
722 2173 866 2231 reposera

290 2257 293 2260 ·
398 2241 443 2298 En
464 2243 567 2325 laquel
590 2259 642 2300 sen
664 2243 705 2299 fin
724 2243 785 2317 joir
798 2257 918 2316 pourra.

149 2360 373 2504 {ubhusitania
398 2363 588 2439 sequentiae
609 2361 749 2438 Philippa
763 2359 991 2420 Lancastriensi
1009 2360 1130 2433 scripta,
1152 2357 1229 2414 haec

175 2464 193 2504 11
215 2453 258 2504 et:
367 2469 369 2476 ¹

194 2581 205 2614 s
257 2581 262 2592 ¹
447 2567 477 2625 Si
500 2569 539 2624 mi
560 2585 676 2626 mesmo
697 2561 754 2627 nio
777 2566 909 2635 desamo,
954 2606 959 2612 ,
1010 2553 1023 2562 “

465 2645 530 2709 Nic
553 2671 608 2711 vos
630 2671 724 2728 poseo
746 2653 814 2710 bem
837 2669 934 2710 amar:

442 2737 470 2794 A
491 2755 539 2795 me
562 2737 666 2795 aiudar
687 2756 742 2796 vos
766 2739 871 2795 chamo

462 2824 532 2882 Sem
548 2841 637 2900 quem
652 2817 709 2881 nio
723 2824 763 2907 ire
784 2840 938 2898 repousar.

240 2993 469 3070 Sequentiarum
491 3001 592 3053 autern
605 2995 833 3075 vernacularum
855 3013 928 3052 usus
951 3012 970 3051 a
985 2994 1124 3052 conciliis
1140 2995 1230 3050 etiam

153 3081 302 3154 sequioris
318 3081 394 3149 aevi,
419 3080 474 3138 sub
498 3083 588 3140 certis
604 3081 755 3151 limitibus,
772 3081 957 3156 approbatus
973 3085 1029 3137 est.
1066 3079 1230 3137 Concilium

152 3165 379 3234 Avenionense‚
405 3165 500 3225 1584:
540 3165 647 3238 „Quod
678 3169 703 3224 si
734 3169 864 3225 carmina
893 3165 1042 3242 quaedam
1070 3165 1231 3224 vernacula

151 3239 258 3325 lingua
279 3252 309 3308 in
331 3251 431 3308 Natali
453 3251 569 3309 Domini
591 3252 791 3328 permittenda
814 3253 875 3309 sint
896 3254 926 3310 in
947 3251 1083 3310 Ecclesia
1106 3251 1229 3318 concini,

153 3352 192 3392 ea
213 3337 341 3410 primum
363 3336 400 3392 ab
415 3337 565 3412 Episcopo
588 3337 729 3414 legantur
751 3344 782 3395 et
798 3339 1013 3405 examinentur3
1036 3353 1091 3394 nce
1107 3338 1163 3393 nisi
1179 3354 1231 3409 ap·

153 3419 283 3496 probata
306 3427 337 3478 11
358 3439 426 3479 cum
442 3423 663 3498 subscriptione
679 3417 855 3481 canantur.“
892 3424 1127 3480 constitutiones
1143 3422 1230 3477 Dice·

153 3508 233 3564 cesis
256 3507 510 3566 wratislaviensis
533 3509 563 3565 in
585 3508 836 3576 Silesia(1592):
868 3509 1024 3584 „Epistola
1052 3509 1111 3563 iam
1139 3507 1229 3572 lecta,

152 3597 334 3666 praecentor
356 3609 424 3652 cum
453 3598 518 3650 tota
540 3595 751 3652 communitate
781 3596 911 3669 aliquem
940 3609 1059 3650 sacrum
1087 3593 1231 3665 hymnum

152 3679 186 3734 in
207 3679 369 3736 vernacula
390 3679 494 3754 lingua
515 3680 590 3753 ipsis
617 3680 791 3736 inutiliorem
819 3673 988 3736 decantet.“
1034 3677 1148 3751 Synodi
1170 3678 1231 3734 Au·

154 3767 286 3836 gustana
317 3761 423 3830 (1610)
453 3769 484 3822 11
512 3763 761 3823 Monosteriensis
791 3762 896 3833 (1655)
932 3763 1011 3821 idem
1046 3765 1230 3836 permittunt.

154 3847 355 3908 Procliviores
379 3851 457 3914 enirn
479 3848 616 3906 adhaec
640 3868 708 3908 sese
738 3855 979 3908 monstraverunt
1010 3865 1129 3924 semper
1158 3848 1232 3906 Ger·

153 3935 244 4002 mani,
268 3952 358 4012 quam
379 3933 535 3992 Gallorum
556 3935 707 4011 Episcopi.

241 4054 282 4110 At
305 4070 446 4129 expresse
469 4060 553 4112 vetat
576 4056 733 4114 concilium
756 4056 1108 4114 Basileensecantiones
1131 4053 1232 4128 hybri-

155 4137 221 4207 das,
245 4156 281 4197 ex
302 4140 413 4216 linguis
436 4141 624 4200 vernaculari
647 4146 678 4199 et
699 4141 807 4200 Latina
830 4142 1021 4215 compositas.
1059 4139 1233 4214 Exemplum

88 4287 91 4294 .
155 4225 221 4282 eius
243 4226 287 4282 rei
310 4224 423 4286 damus.
465 4225 467 4228 ’

241 4343 347 4402 Exstat
368 4347 398 4404 in
427 4345 583 4421 permultis
612 4347 786 4406 Missalibus
817 4347 976 4423 sequentia
1005 4345 1044 4412 de
1065 4345 1100 4404 B.
1123 4343 1163 4403 Μ.
1187 4345 1233 4413 V„

157 4429 244 4493 cuius
265 4430 324 4488 hoc
348 4435 396 4490 eit
417 4433 610 4508 principium:

208 4519 327 4575 1111111,
340 4522 409 4567 ‘rien
424 4522 502 4580 ilpnm.
516 4522 540 4567 V.
1014 4527 1031 4580 3
1050 4525 1052 4532 ’
