2822 5026
210 571 333 626 bonorto
355 571 526 622 nosceretur
548 581 587 620 eu
608 582 656 630 ee,
689 564 800 620 demum
823 566 872 621 uel
890 567 923 621 iu
939 568 1031 640 portu
1053 561 1212 640 cortumth
1241 569 1284 622 ito
1362 557 1368 593 ⁷

117 667 130 722 ·,
211 661 244 711 ut
264 655 327 729 ipse
349 657 502 726 conceptus
523 652 604 706 bomo
624 649 770 720 foeminae
801 647 909 706 intacto
938 657 1137 725 corrumperet
1161 653 1282 706 viscere.

213 738 273 796 Sed
293 740 361 811 quio
383 739 521 810 inportu
543 737 655 791 omnino
675 736 738 806 fuit
758 742 903 808 corrupto,
921 737 1066 810 probatur
1088 753 1127 792 en
1147 736 1200 795 doc
1216 739 1286 810 quio

149 862 153 866 -
213 831 243 881 et
262 827 292 878 in
314 827 459 896 conceptu.
508 821 549 876 Et
573 819 638 875 ideo
658 821 769 890 Beatus
791 821 959 878 Ambrosius
988 839 1045 876 non
1067 823 1187 894 torturus
1210 824 1286 878 tenti

213 911 344 983 mysterii
367 913 488 980 encptot
508 913 541 962 ut
563 905 732 962 ostendatur
748 913 856 979 portus
879 909 1009 979 cirotecis,
1034 925 1115 979 quem
1138 909 1189 963 isti
1203 909 1287 980 iono-

212 1002 287 1062 ront,
311 1000 345 1050 ut
366 995 395 1048 in
417 999 541 1064 utroque
562 998 738 1047 monstretur
761 993 852 1064 circo,
865 993 943 1064 ‘quio
965 994 991 1048 εἰ
1014 999 1091 1048 esset
1112 999 1145 1047 ut
1166 994 1217 1048 toti
1237 1011 1285 1048 os-

180 1097 182 1100 ·
212 1089 349 1138 severunt
362 1079 445 1134 bento
460 1073 541 1150 circo
557 1076 661 1143 Murio,
678 1095 734 1132 non
751 1083 829 1132 esset
848 1084 883 1133 ut
892 1083 999 1150 portus
1014 1079 1077 1133 eino
1087 1085 1165 1132 esset
1175 1079 1241 1134 totis
1251 1087 1288 1134 ut

214 1167 329 1222 deceret
348 1163 455 1228 neum,
494 1165 561 1236 quin
588 1164 742 1220 communio
765 1169 849 1218 essee.
903 1163 944 1218 m
969 1166 996 1218 si
1024 1165 1178 1219 eommunis
1208 1171 1287 1220 esset

214 1253 277 1325 lece
299 1247 478 1305 coeterorum
501 1249 664 1314 mulierum,
695 1248 747 1303 sub
776 1247 926 1304 maledicto
956 1255 1045 1314 esset,
1075 1249 1128 1304 sub
1157 1267 1212 1321 quo
1228 1267 1285 1324 pn-

213 1339 295 1393 rt'unt
315 1351 411 1407 omnes
431 1335 511 1405 filine
532 1332 620 1389 Eone.
664 1333 706 1388 m
726 1333 790 1388 ideo
812 1351 869 1390 non
892 1342 970 1390 esset
991 1337 1021 1388 in
1044 1351 1099 1406 quo
1129 1332 1286 1390 miraretur

214 1438 294 1478 conoe
316 1420 475 1486 soeculum,
514 1418 703 1491 sedemque,
727 1425 841 1474 etcum
865 1437 920 1492 quo
944 1421 1064 1493 luceret,
1096 1419 1173 1491 quod
1199 1421 1284 1486 obsit,

214 1507 304 1564 omnis
325 1504 455 1561 mundus.
486 1505 568 1560 Nunc
597 1512 691 1560 cutem
721 1507 789 1576 quin
819 1505 977 1561 odunotrum
987 1503 1111 1579 pudoris
1121 1509 1284 1578 permonet,

214 1600 248 1649 ut
267 1593 323 1648 iste
347 1596 482 1657 testatur,
516 1590 546 1644 in
566 1596 817 1664 portucorrupto
840 1597 971 1646 nonest.
1004 1608 1033 1662 p.
1058 1588 1135 1647 569:
1173 1589 1286 1647 idcirco

214 1683 355 1752 quotenus
385 1682 499 1731 cessent
524 1675 639 1746 fratres
661 1678 755 1732 nostri
780 1694 797 1730 α
821 1675 938 1742 tutibus,
963 1683 993 1730 et
1013 1683 1121 1732 conant
1140 1677 1286 1732 nobiscnm
1389 1731 1392 1736 .

213 1762 340 1836 fideliter
363 1779 424 1816 cuno
453 1767 553 1816 sancto
574 1761 736 1816 Ambrosio:
787 1762 856 1818 Vem'
885 1761 1048 1834 redemptor
1068 1764 1209 1834 centium,
1239 1779 1286 1818 oo-

217 1847 300 1904 tende
323 1853 442 1921 portum
471 1847 609 1918 circium,
648 1847 770 1902 miretur
799 1863 880 1902 omne
908 1847 1069 1913 soeculum,
1110 1847 1176 1902 tolio
1205 1847 1288 1903 decet

210 1941 318 2009 portus
339 1932 438 1987 Deum.
494 1931 572 1986 Totis
594 1931 698 2002 ubique
721 1933 832 2004 quatem
858 1931 964 1989 coristi
986 1934 1139 2012 confitetur
1155 1935 1285 1998 ecclesio,

215 2025 245 2075 et
266 2035 322 2074 non
345 2018 456 2090 quodem
479 2019 530 2074 isti
551 2022 703 2072 autumant
724 2023 753 2072 et
774 2018 946 2091 confundunt
966 2019 1021 2074 sthi
1043 2017 1202 2073 mendose·
1223 2017 1286 2080 Non

174 2121 178 2124 ·
216 2107 245 2160 in
267 2121 322 2176 quo
345 2101 539 2174 confundetur
554 2101 651 2175 pudor
673 2103 834 2175 otrqineno:
856 2103 910 2158 sed
930 2106 960 2158 in
983 2117 1039 2176 qno
1061 2105 1182 2160 miretur
1205 2121 1287 2162 omne

213 2189 360 2246 tacentum
382 2194 413 2242 et
433 2187 621 2242 contundetur
643 2186 729 2242 Deus.
753 2203 782 2260 p.
802 2186 876 2244 570:
903 2187 962 2244 Sed
983 2189 1154 2244 renitentem
1169 2190 1285 2262 caueto,

216 2279 246 2330 et
280 2273 374 2329 uidete
406 2271 609 2346 procedentem
645 2272 794 2338 Dominum
825 2273 998 2346 plenissimo
1032 2273 1105 2344 fide,
1152 2281 1286 2348 tunquam

216 2373 350 2434 sponsum
373 2357 408 2413 de
432 2357 555 2413 thalamo
574 2375 642 2413 ouo:
679 2373 735 2412 non
757 2365 791 2414 ut
809 2360 860 2414 toti
880 2361 1029 2432 qurriunt,
1060 2359 1206 2416 doloribus
1228 2364 1287 2417 vtr-

147 2449 152 2461 ‘
215 2446 302 2519 qinon
323 2443 447 2498 membro
469 2448 704 2516 corrumpentem,
728 2461 780 2498 nec
801 2445 928 2517 emitote
950 2446 1052 2502 metris
1071 2453 1213 2502 secretum
1228 2448 1287 2502 oio·

217 2531 337 2592 lacteum
366 2528 419 2583 ced
439 2527 577 2584 divinitus
600 2529 778 2584 exultantem
800 2538 834 2586 ut
855 2529 1001 2603 Propheta
1030 2532 1122 2586 comt:
1159 2531 1200 2586 Et
1215 2547 1287 2605 pro·
1385 2595 1387 2600 ,

216 2613 360 2670 cedentem
384 2613 472 2668 libere
494 2612 759 2680 de‘outocentm's,
792 2623 925 2688 tnnqcmm
939 2633 1082 2688 sponsum
1105 2615 1140 2671 de
1164 2616 1287 2673 ttntomo

215 2715 281 2755 suo:
311 2699 380 2770 quio
403 2715 515 2770 porum
541 2699 641 2770 fectus
671 2707 716 2755 est
745 2703 771 2756 et
800 2709 902 2756 uterus
931 2701 1056 2756 clausus.-
1098 2694 1188 2758 Cuius
1204 2703 1287 2758 niuei-

215 2799 292 2840 rum
309 2786 444 2856 coremur
473 2802 490 2838 α
519 2803 627 2840 summo
656 2787 734 2841 coeto
760 2787 851 2857 fortio
879 2792 1019 2842 reorrutur
1048 2785 1087 2842 nd
1116 2787 1287 2843 moerendum

216 2871 288 2925 utum
312 2876 499 2936 etrecurouo
521 2863 613 2942 nsque
635 2870 674 2926 nd
694 2870 789 2926 sedem
807 2872 906 2944 petris
923 2869 955 2935 *).

284 2993 353 3047 Cod.
380 2993 503 3046 Rhenom
531 2993 580 3046 III.
609 3009 646 3048 sc.
667 2994 693 3046 X
712 2995 766 3062 (R).
801 2996 883 3050 Brev.
910 2996 1054 3052 Constant.
1074 2996 1127 3066 (C).
1162 2997 1247 3052 Mons
1266 3000 1286 3054 Ι.

236 3065 301 3116 .42.
322 3062 526 3128 (Reichenauer
544 3061 592 3115 Hs.
612 3063 642 3114 <n
664 3079 714 3116 aus
734 3065 796 3116 dem
815 3066 838 3118 o.
856 3065 952 3118 Jahrb.
976 3069 1007 3120 Α.
1026 3067 1075 3120 Hs.
1095 3083 1129 3120 zu
1147 3066 1287 3123 Miinchen

215 3081 284 3183 Eho.
314 3130 396 3185 17027
423 3145 473 3182 aus
501 3131 564 3182 dem
593 3131 632 3184 10.
650 3130 747 3185 Jahrb.
782 3133 813 3184 B.
831 3133 880 3186 Hs.
900 3153 934 3186 zu
958 3135 1109 3204 Stuttgart.
1127 3135 1208 3188 Brcv.
1229 3135 1286 3190 101.

217 3198 256 3252 15.
274 3199 372 3252 Jahrb.
407 3199 456 3250 Hs.
476 3215 511 3250 zu
529 3197 683 3252 Karlsruhe
710 3202 748 3252 m.
766 3201 863 3254 Jahrb.
899 3203 947 3256 Hs.
967 3221 1002 3256 zu
1028 3201 1208 3257 Lichtentbal
1235 3221 1286 3260 aus

217 3267 342 3335 gleicher
369 3266 437 3320 Zeit.
473 3265 522 3318 Hs.
550 3283 585 3319 zu
614 3267 755 3336 Freiburg
774 3267 813 3322 66.
850 3272 889 3322 15.
907 3271 1004 3336 Jahrb.
1040 3271 1089 3324 Hs
1119 3273 1169 3324 der
1192 3273 1287 3326 stadt-

215 3333 371 3389 bibh'othck
390 3352 424 3386 zu
443 3335 526 3388 Trici·
546 3336 611 3388 1404
631 3351 680 3387 aus
700 3338 763 3390 dem
781 3339 855 3390 8-9.
875 3337 971 3392 Jahrb.
991 3339 1032 3406 O.)
1051 3339 1088 3392 M.

299 3465 345 3522 M:
369 3467 457 3522 Dieoe
481 3467 605 3541 Stropbe
628 3467 761 3532 (Intende
785 3472 833 3542 qni
856 3473 934 3544 recto
955 3469 1078 3538 Israhel,
1104 3491 1192 3546 super
1218 3474 1286 3531 une·

215 3554 299 3609 rubin
322 3555 372 3625 qui
394 3553 486 3619 sedes,
510 3571 618 3627 appare
640 3553 775 3628 Ephrem,
800 3573 894 3611 corum
918 3558 1015 3613 excito
1032 3560 1194 3631 potentium
1210 3566 1286 3616 tuum

216 3645 247 3694 et
275 3637 367 3702 uenit)
390 3640 430 3692 ist
454 3639 518 3709 suot
546 3639 675 3694 mdrtlr'ob
713 3659 765 3695 uns
795 3641 892 3696 Pontm
922 3641 972 3709 79,
996 3643 1024 3701 2.
1050 3641 1077 3700 3.
1110 3662 1284 3718 oenommem

216 3724 321 3780 metcbe
351 3723 441 3779 Stelle
470 3725 514 3780 nis
542 3724 705 3798 Antiphone
734 3741 795 3780 cnm
832 3733 929 3782 ersten
958 3727 1209 3804 Adoentssonntoo
1237 3749 1287 3805 qe·

215 3809 337 3865 broucbt
365 3808 450 3876 mind,
496 3813 548 3864 mie
579 3810 684 3864 Doniel
710 3811 808 3884 oreqibt
838 3811 922 3868 (ouclt
952 3814 1039 3870 sehon
1070 3817 1106 3870 im
1133 3815 1286 3888 collidunt·

283 3987 305 4051 *)
324 3985 394 4039 Loci
412 4001 444 4038 cx
459 3985 589 4038 Patribus
608 3986 788 4054 transscripti
806 3987 895 4054 primo
916 3991 1076 4052 ostendunt,
1097 3991 1153 4043 iam
1172 3994 1285 4046 saeculo

214 4054 311 4122 quinto
329 4055 422 4107 medio
440 4055 559 4122 hymnos
577 4054 719 4107 Ambrosii
739 4072 755 4107 a
773 4057 855 4122 plebe
874 4061 1002 4110 cantatos
1023 4075 1095 4121 csse,
1112 4062 1284 4140 pracsertim

213 4139 264 4189 per
281 4123 381 4176 Italiae
406 4127 434 4175 et
453 4123 606 4175 Galliarum
627 4125 704 4176 fines.
741 4123 814 4176 Dein
837 4127 889 4178 hoc
913 4131 1069 4180 memoratu
1093 4129 1213 4195 dlgnnm·
1233 4134 1284 4190 est,

213 4191 288 4257 quod
311 4191 547 4258 disputationibus
574 4192 742 4258 dogmaticis
772 4198 937 4262 argumenta
961 4211 976 4247 c
999 4196 1170 4248 carminibus
1185 4198 1283 4250 *sacris

212 4264 407 4321 arcessuntur‚
439 4263 470 4311 ut
492 4260 520 4312 in
539 4259 710 4313 Nestoriana
732 4261 781 4314 litc
805 4262 840 4314 ad
864 4263 1196 4331 Ambrosium'geminae
1216 4268 1282 4318 snb-

213 4326 332 4379 stantiae
352 4323 497 4395 gigantem
516 4332 663 4381 canentem
683 4328 844 4396 confugisse
863 4329 999 4383 ¹videmus.
