2848 5030
303 621 386 678 Haeo
417 625 502 702 sunt,
531 621 583 678 Vir
604 620 801 692 Doctieeime,
832 637 910 696 quae
932 622 962 680 in
984 625 1125 696 promptu
1146 619 1295 688 habam
1404 635 1406 680 ff

219 711 259 774 te,
281 711 371 780 prout
392 708 490 764 visum
519 711 583 774 est,
614 706 788 780 accipienda
817 707 867 766 vel
895 705 1065 763 reiioienda.
1111 705 1158 762 Tu
1180 707 1294 780 primns
1405 737 1407 780 2

219 789 437 868 Hymnologiae
459 796 578 864 veteres
601 790 687 849 nobis
703 794 847 866 aperuisti
862 791 1051 859 Thesauros3
1074 797 1108 848 tu
1123 793 1187 848 sine
1204 789 1293 848 dubio
1405 781 1407 808 ¹

218 877 248 934 in
269 875 420 945 Editione,
444 893 522 952 quae
544 879 603 934 iam
634 877 688 934 sub
717 879 801 953 prelo
833 877 937 946 sudat,
971 882 1002 934 et
1025 877 1241 951 locupletiores
1265 881 1296 932 et
1405 877 1407 914 ¹

218 964 453 1037 praestantiores
477 980 529 1019 eos
546 963 666 1020 efficies.
712 963 750 1020 Et
765 963 900 1040 quamvis
916 967 1068 1022 nostrates
1084 961 1182 1020 adhue
1198 963 1294 1019 rarius
1405 985 1407 1034 ῃ

219 1065 287 1106 sese
308 1047 355 1105 his
378 1047 544 1143 adnuerint
568 1048 686 1116 studiis,
797 1088 801 1092 -
1406 1047 1408 1074 ³

303 1183 370 1240 Non
392 1183 469 1241 adeo
492 1183 592 1242 obtusi
615 1189 770 1263 gestamue
797 1189 923 1260 pectora
945 1183 1048 1252 Poeni,

302 1269 366 1327 Neo
389 1276 450 1327 tani
472 1287 596 1329 aversus
620 1287 716 1346 equus
739 1271 830 1346 Tyrio
853 1270 899 1327 eol
920 1271 1017 1346 iungit
1040 1269 1077 1327 ab
1099 1269 1183 1339 urbe,

219 1407 290 1482 quin
313 1423 405 1480 opere
420 1412 473 1464 tua
486 1409 563 1465 inter
578 1425 633 1465 noe
645 1413 811 1475 versentur,
830 1406 966 1476 doceant,
982 1406 1149 1465 laudentur.
1185 1403 1294 1481 Perge,

220 1492 273 1549 Vir
292 1491 424 1566 Optime,
448 1511 502 1549 noe
526 1495 617 1550 tantis
641 1493 812 1568 talibusque
835 1491 930 1550 ditare
954 1491 1073 1550 studiis:
1101 1493 1235 1567 saxiique
1256 1490 1292 1548 D.

221 1576 255 1634 0.
279 1577 320 1633 Μ.
344 1584 378 1634 ut
400 1579 451 1636 illa
473 1577 613 1636 adveniat
636 1578 717 1648 dies,
747 1581 777 1635 in
809 1596 869 1654 qua
897 1597 957 1636 uno
979 1577 1069 1636 corde
1098 1583 1128 1637 et
1150 1596 1209 1636 uno
1233 1593 1294 1646 ore,

192 1703 196 1710 .
219 1667 369 1738 quotquot
392 1665 451 1720 iam
472 1665 599 1722 invicem
616 1681 798 1738 separamur,
822 1663 978 1721 laudemus
994 1665 1099 1734 Deum,
1123 1669 1154 1720 et
1175 1663 1295 1720 Patrem

218 1747 252 1803 D.
276 1748 311 1804 N.
335 1749 405 1806 Iesu
428 1747 546 1807 Christi.
590 1749 642 1818 Te,
667 1755 714 1807 sat
738 1751 809 1816 scio,
833 1765 901 1807 eum
923 1749 1033 1808 talibus
1055 1747 1195 1826 precibus
1226 1765 1296 1807 oon·

219 1835 395 1892 sentientem
418 1833 544 1900 habebo.
588 1835 670 1894 Vale.

290 2006 418 2064 ‚Dabam
441 2023 458 2063 e
481 2007 616 2083 Collegio
640 2005 835 2064 Saokvillenei

499 2107 579 2183 apud
606 2106 836 2168 Euat-Grinsted

568 2228 594 2268 a.
618 2211 645 2270 d.
667 2212 716 2270 IV.
738 2212 813 2270 Non.
835 2208 964 2286 August.
986 2209 1022 2268 Δ.
1047 2209 1076 2268 S.
1099 2209 1295 2269 Mncccnv.
