2732 5026
586 353 678 427 Μ’
772 413 776 420 .
846 423 851 431 ,

156 535 240 600 Mene
262 535 312 594 ΠΙ.
336 554 366 610 p
389 531 753 602 232111222122222
778 537 1042 597 12222222
1065 541 1155 598 nuS.

101 621 228 678 Peterin
250 620 397 697 Salzburg
413 623 460 682 12
458 619 593 718 Jahrb.)
643 624 668 678 1
687 629 853 680 osancte
879 623 929 680 Bl.
952 623 1007 682 sed
1028 630 1156 702 utraque

100 706 256 766 membrana
278 709 417 765 ammittit
435 722 523 766 τοο.
568 705 596 764 7.
610 709 732 781 princ
757 707 867 776 doce,
887 713 979 766 recte

420 865 565 955 Martyr
594 869 738 954 egregie
779 862 826 937 K

288 967 372 1022 Thes.
390 967 411 1020 I.
430 985 457 1038 p
475 969 533 1026 242.
568 965 658 1022 Des.
678 967 816 1039 Georgio,
839 967 951 1022 Blasio?

150 1079 263 1154 Martyr
287 1082 418 1156 egregie,
682 1079 755 1138 Inde
777 1099 831 1154 pro
855 1083 967 1138 meritis
1013 1153 1015 1159 Ι

149 1165 209 1222 Deo
232 1163 353 1233 dilecte,
619 1167 661 1227 20
683 1167 782 1242 fulges
803 1169 833 1223 in
856 1167 957 1234 coelis,
983 1237 986 1244 ι

151 1250 186 1308 ad
207 1255 237 1308 te
261 1251 452 1310 clamantium
684 1259 718 1308 ut
739 1254 818 1309 inter
842 1251 953 1330 sidera,

19 1359 20 1414 3
113 1361 118 1412 j
149 1351 236 1394 voces
260 1341 381 1394 tuorum
642 1339 730 1406 ,sol
752 1337 937 1412 atque‘luna

114 1418 295 1496 ipropitius
319 1420 389 1480 andi
500 1420 529 1482 ‚⁴
686 1428 785 1480 certus
808 1425 867 1480 iarn
888 1426 1021 1498 praemii,

149 1507 257 1572 Sancte
279 1505 371 1564 Blasi.
682 1525 737 1584 pro
761 1526 820 1584 quo
844 1511 975 1567 certasti.

148 1598 268 1700 Tn'per
290 1606 444 1684 innumera
619 1627 659 1687 25
684 1627 745 1684 Ora
766 1645 821 1701 pro
843 1629 961 1686 famulis

147 1714 248 1770 mortis
272 1716 430 1779 tormenta,
683 1713 736 1770 tibi
759 1711 875 1772 devotis

19 1827 22 1834 ·
110 1797 297 1873 ⁴triumpho
319 1797 411 1872 nobili
604 1847 610 1854 .
684 1803 714 1856 et
737 1815 837 1855 coram
857 1798 955 1867 iudice
1065 1864 1068 1874 Α

19 1913 21 1982 ὲ
96 1879 128 1941 10
146 1881 337 1958 promeruisti
633 1881 636 1887 ’
682 1885 798 1942 veniam
820 1901 923 1958 posce,

146 1974 311 2043 martyrum
333 1969 455 2028 militiae
663 1985 720 2025 -ne
743 1987 797 2025 nos
820 1967 929 2025 iudicio

147 2055 271 2130 signifer
295 2071 385 2112 esse-
619 2054 660 2114 30
684 2053 805 2110 damnet
828 2059 967 2112 extremo.
1002 2091 1004 2096 ·

144 2151 232 2232 Vana
249 2173 389 2232 iudicasti
683 2174 820 2232 Trinitati
842 2173 944 2242 decus,

146 2260 255 2340 gaudia
277 2259 379 2316 mundi
681 2260 777 2316 honor
799 2263 948 2328 stolatus,

94 2345 124 2404 15
146 2351 174 2402 et
195 2347 387 2402 transitoriae
682 2345 889 2420 inseparabilis

146 2429 243 2488 dulcia
265 2429 355 2498 vitae,
681 2429 747 2488 laus
770 2431 892 2498 Unitati‚
979 2431 995 2459 “

144 2535 257 2574 memor
276 2513 391 2573 christi
414 2516 457 2571 tui
619 2515 658 2574 35
683 2527 806 2573 consors
829 2517 985 2590 imperium
1101 2585 1109 2592 .

145 2607 244 2660 mente
267 2603 390 2678 liquisti.
684 2620 769 2658 omne
792 2619 847 2676 per
870 2619 984 2672 aarum

167 2723 246 2793 Quin
269 2725 361 2796 poeta
384 2701 413 2776 G.
439 2719 600 2795 Georgium
615 2719 780 2794 Martyrem
802 2719 1008 2789 celebraverit,
1031 2722 1078 2780 vix
1102 2722 1154 2778 d‘u-

19 2805 22 2880 ξ
90 2806 234 2866 litandum
258 2813 313 2864 est.
358 2807 475 2862 Etenim
503 2807 534 2862 in
558 2805 667 2862 Codice
698 2807 920 2864 Hammoniensi
937 2824 979 2864 ac
1001 2801 1153 2864 Breviario

90 2891 329 2958 Halberstadensi
346 2891 468 2966 Georgii
483 2909 590 2948 nomeu
606 2891 643 2947 ob
646 2893 736 2948 ttine
731 2911 735 2922 ·
755 2892 872 2949 accedit
860 2891 969 2970 tquod
984 2892 1026 2948 illi
1043 2893 1216 2949 Sancto·

92 2977 206 3038 debetur
229 2979 419 3053 antesignani
442 2975 588 3052 dignitas,
620 2995 697 3052 quae
727 2980 824 3034 minus
855 2984 924 3052 apte
948 2975 1151 3034 deseraturS.
1207 2975 1240 3034 '.
1332 2947 1339 2957 ¹

91 3063 189 3122 Blasio.
233 3057 301 3121 ua
293 3081 361 3146 ipsa
383 3063 539 3120 translatio
570 3061 682 3120 codicis
711 3063 836 3122 Vindob
868 3064 961 3120 theot
941 3069 1017 3120 rtsca
1046 3081 1153 3120 nomen

92 3149 211 3208 Sancti
204 3171 234 3208 m
257 3152 353 3226 prima
376 3149 500 3224 stropha
522 3150 594 3206 omit
595 3150 638 3206 tit.
685 3149 818 3206 Tandem
847 3155 907 3207 met
908 3167 942 3206 ro
966 3137 1062 3206 solum
1085 3166 1154 3206 con-

91 3238 182 3294 venire
205 3237 371 3311 Georgium
384 3237 537 3295 neminem
559 3235 711 3310 fugit.
738 3237 857 3294 Meuius
881 3237 932 3310 qui
954 3253 1053 3309 neque
1075 3235 1154 3292 The·

19 3327 20 3380 f
92 3325 162 3380 sauri
183 3340 240 3380 nec
266 3321 454 3380 Kehreinii'
447 3339 477 3377 m
505 3321 564 3378 hoc
596 3323 726 3378 carmine
755 3325 802 3378 rat
803 3323 901 3378 ionem
931 3320 1052 3388 habuit,
1080 3321 1154 3394 legit

92 3395 200 3465 carme'n
222 3410 252 3465 in
275 3407 386 3464 Codice
408 3411 534 3464 monast.
578 3405 811 3466 Admontsaec.
837 3408 882 3465 12.
912 3405 980 3478 „die
1003 3405 1057 3462 das
1079 3403 1154 3465 Lied

91 3492 155 3568 irrig
176 3495 229 3551 221
248 3492 306 3550 den
328 3493 357 3548 h.
374 3492 493 3549 Blasius
509 3486 737 3548 iiberschreibt“
762 3493 836 3560 etin
853 3491 917 3547 cod.
935 3487 1154 3566 Tegernseensi

93 3579 235 3637 saeclo.
282 3577 310 3637 6.
336 3577 661 3654 22222222οις1
704 3577 750 3636 19.
774 3575 883 3634 unde.
929 3576 1153 3660 321222212-
1190 3567 1192 3574 ’

91 3663 211 3722 rabili.
647 3736 720 3748 ἁ

336 3822 470 3910 Manno
494 3826 662 3893 canentes
684 3841 819 3890 22222.
863 3820 908 3888 K.

479 3923 525 3978 De
544 3924 571 3978 S.
589 3923 752 3979 Benedicta.

148 4037 259 4114 Magno
280 4042 423 4099 canentes
447 4053 545 4094 annua
595 4045 599 4048 ’
642 4035 742 4107 irQui
763 4037 847 4094 fulsit
867 4041 900 4094 ut
923 4035 1005 4094 sidus
1035 4054 1152 4103 novum,

149 4141 223 4182 nunc
237 4123 411 4185 ‚Benedicto
434 4125 559 4192 cantica,
682 4122 830 4180 mundana
852 4123 968 4198 pellens
991 4121 1092 4178 nubila

149 4210 277 4267 fruamur
298 4210 388 4266 hui-us
410 4209 541 4283 inclytae
684 4211 792 4266 aetatis
815 4211 881 4282 ipso
904 4209 1004 4267 linrine

150 4295 320 4356 festivitatis
344 4293 470 4372 gaudiis.
684 4293 821 4370 despexit
842 4295 909 4353 aevi
930 4291 1045 4350 florida.
1126 4299 1128 4303 ’
