<?xml version="1.0" encoding="UTF-8"?>
<!DOCTYPE html PUBLIC "-//W3C//DTD XHTML 1.0 Transitional//EN"
    "http://www.w3.org/TR/xhtml1/DTD/xhtml1-transitional.dtd">
<html xmlns="http://www.w3.org/1999/xhtml" xml:lang="en" lang="en">
 <head>
  <title>
</title>
<meta http-equiv="Content-Type" content="text/html;charset=utf-8" />
  <meta name='ocr-system' content='tesseract 3.04.00' />
  <meta name='ocr-capabilities' content='ocr_page ocr_carea ocr_par ocr_line ocrx_word'/>
</head>
<body>
  <div class='ocr_page' id='page_1' title='image "./thesaurushymnol04danigoog/thesaurushymnol04danigoog_0044.png"; bbox 0 0 2822 5026; ppageno 0'>
   <div class='ocr_carea' id='block_1_1' title="bbox 150 611 1303 1040">
    <p class='ocr_par' dir='ltr' id='par_1_1' title="bbox 150 611 1303 1040">
     <span class='ocr_line' id='line_1_1' title="bbox 236 611 1300 696; baseline -0.004 -14"><span class='ocrx_word' id='word_1_1' title='bbox 236 623 437 682; x_wconf 76' lang='lat' dir='ltr'>ebrietate</span> <span class='ocrx_word' id='word_1_2' title='bbox 460 623 638 696; x_wconf 76' lang='lat' dir='ltr'>spiritus.</span> <span class='ocrx_word' id='word_1_3' title='bbox 684 619 734 683; x_wconf 71' lang='lat'>29.</span> <span class='ocrx_word' id='word_1_4' title='bbox 762 619 802 676; x_wconf 87' lang='grc' dir='ltr'>Μ.</span> <span class='ocrx_word' id='word_1_5' title='bbox 832 619 1037 694; x_wconf 74' lang='lat' dir='ltr'>provehat.</span> <span class='ocrx_word' id='word_1_6' title='bbox 1068 619 1101 676; x_wconf 68' lang='lat' dir='ltr'>a.</span> <span class='ocrx_word' id='word_1_7' title='bbox 1125 614 1213 685; x_wconf 76' lang='grc'><strong>2144</strong></span> <span class='ocrx_word' id='word_1_8' title='bbox 1233 611 1300 678; x_wconf 60' lang='lat' dir='ltr'>ee&amp;</span> 
     </span>
     <span class='ocr_line' id='line_1_2' title="bbox 150 702 1303 784; baseline -0.007 -14"><span class='ocrx_word' id='word_1_9' title='bbox 150 759 154 770; x_wconf 86' lang='grc'><strong>,</strong></span> <span class='ocrx_word' id='word_1_10' title='bbox 237 702 342 771; x_wconf 77' lang='grc'><strong>04441</strong></span> <span class='ocrx_word' id='word_1_11' title='bbox 371 711 570 784; x_wconf 77' lang='lat' dir='ltr'>protegat.</span> <span class='ocrx_word' id='word_1_12' title='bbox 615 704 741 780; x_wconf 78' lang='lat' dir='ltr'>Insuper</span> <span class='ocrx_word' id='word_1_13' title='bbox 769 702 810 762; x_wconf 96' lang='grc' dir='ltr'>Μ.</span> <span class='ocrx_word' id='word_1_14' title='bbox 841 719 895 779; x_wconf 87' lang='lat' dir='ltr'>pro</span> <span class='ocrx_word' id='word_1_15' title='bbox 917 719 1059 762; x_wconf 78' lang='grc'><strong>4444444</strong></span> <span class='ocrx_word' id='word_1_16' title='bbox 1087 704 1190 780; x_wconf 78' lang='lat' dir='ltr'>legere</span> <span class='ocrx_word' id='word_1_17' title='bbox 1216 704 1303 766; x_wconf 69' lang='lat' dir='ltr'>nuit</span> 
     </span>
     <span class='ocr_line' id='line_1_3' title="bbox 237 784 1302 866; baseline -0.006 -14"><span class='ocrx_word' id='word_1_18' title='bbox 237 805 399 852; x_wconf 80' lang='grc'><strong>4444444444.</strong></span> <span class='ocrx_word' id='word_1_19' title='bbox 424 784 473 850; x_wconf 70' lang='grc'>49.</span> <span class='ocrx_word' id='word_1_20' title='bbox 495 789 534 848; x_wconf 91' lang='grc' dir='ltr'>Μ.</span> <span class='ocrx_word' id='word_1_21' title='bbox 573 791 677 866; x_wconf 75' lang='lat' dir='ltr'>lllcser</span> <span class='ocrx_word' id='word_1_22' title='bbox 705 790 776 846; x_wconf 77' lang='lat' dir='ltr'>Vera</span> <span class='ocrx_word' id='word_1_23' title='bbox 796 793 838 848; x_wconf 76' lang='lat' dir='ltr'>ist</span> <span class='ocrx_word' id='word_1_24' title='bbox 856 790 1029 847; x_wconf 63' lang='grc'><strong>4444144444</strong></span> <span class='ocrx_word' id='word_1_25' title='bbox 1053 797 1129 848; x_wconf 76' lang='lat' dir='ltr'>totus</span> <span class='ocrx_word' id='word_1_26' title='bbox 1150 795 1228 848; x_wconf 69' lang='lat' dir='ltr'>attrt</span> <span class='ocrx_word' id='word_1_27' title='bbox 1246 789 1302 848; x_wconf 75' lang='lat' dir='ltr'>den</span> 
     </span>
     <span class='ocr_line' id='line_1_4' title="bbox 239 875 1300 951; baseline -0.007 -14"><span class='ocrx_word' id='word_1_28' title='bbox 239 879 311 939; x_wconf 70' lang='grc'><strong>8144</strong></span> <span class='ocrx_word' id='word_1_29' title='bbox 340 879 400 935; x_wconf 71' lang='lat' dir='ltr'>aad</span> <span class='ocrx_word' id='word_1_30' title='bbox 428 877 540 935; x_wconf 75' lang='grc'><strong>44144444</strong></span> <span class='ocrx_word' id='word_1_31' title='bbox 567 893 621 933; x_wconf 80' lang='lat' dir='ltr'>aas</span> <span class='ocrx_word' id='word_1_32' title='bbox 649 875 704 932; x_wconf 79' lang='lat' dir='ltr'>den</span> <span class='ocrx_word' id='word_1_33' title='bbox 724 875 880 950; x_wconf 72' lang='lat' dir='ltr'>folpeadea</span> <span class='ocrx_word' id='word_1_34' title='bbox 908 875 1016 932; x_wconf 72' lang='lat' dir='ltr'>Versae</span> <span class='ocrx_word' id='word_1_35' title='bbox 1044 875 1144 932; x_wconf 76' lang='grc'><strong>444444</strong></span> <span class='ocrx_word' id='word_1_36' title='bbox 1165 875 1300 951; x_wconf 60' lang='lat' dir='ltr'>ancyra.</span> 
     </span>
     <span class='ocr_line' id='line_1_5' title="bbox 237 959 1301 1040; baseline -0.007 -17"><span class='ocrx_word' id='word_1_37' title='bbox 237 963 348 1023; x_wconf 81' lang='lat' dir='ltr'>Tamen</span> <span class='ocrx_word' id='word_1_38' title='bbox 370 961 410 1018; x_wconf 86' lang='lat' dir='ltr'>ad</span> <span class='ocrx_word' id='word_1_39' title='bbox 431 979 521 1019; x_wconf 90' lang='lat' dir='ltr'>unum</span> <span class='ocrx_word' id='word_1_40' title='bbox 544 977 645 1018; x_wconf 87' lang='lat' dir='ltr'>omnes</span> <span class='ocrx_word' id='word_1_41' title='bbox 669 960 788 1040; x_wconf 77' lang='lat' dir='ltr'>codices</span> <span class='ocrx_word' id='word_1_42' title='bbox 811 961 840 1018; x_wconf 87' lang='lat' dir='ltr'>in</span> <span class='ocrx_word' id='word_1_43' title='bbox 862 960 920 1016; x_wconf 90' lang='lat' dir='ltr'>hoo</span> <span class='ocrx_word' id='word_1_44' title='bbox 940 959 1087 1020; x_wconf 75' lang='lat' dir='ltr'>versiculo</span> <span class='ocrx_word' id='word_1_45' title='bbox 1103 961 1301 1035; x_wconf 78' lang='lat' dir='ltr'>consentiupt.</span> 
     </span>
    </p>
   </div>
   <div class='ocr_carea' id='block_1_2' title="bbox 227 1043 1305 1210">
    <p class='ocr_par' dir='ltr' id='par_1_2' title="bbox 227 1043 1305 1210">
     <span class='ocr_line' id='line_1_6' title="bbox 237 1043 1304 1119; baseline -0.007 -10"><span class='ocrx_word' id='word_1_46' title='bbox 237 1051 413 1108; x_wconf 83' lang='lat' dir='ltr'>Hincmarus</span> <span class='ocrx_word' id='word_1_47' title='bbox 437 1047 474 1104; x_wconf 88' lang='lat' dir='ltr'>de</span> <span class='ocrx_word' id='word_1_48' title='bbox 496 1063 555 1102; x_wconf 90' lang='lat' dir='ltr'>una</span> <span class='ocrx_word' id='word_1_49' title='bbox 576 1051 608 1102; x_wconf 90' lang='grc'>44</span> <span class='ocrx_word' id='word_1_50' title='bbox 629 1063 688 1102; x_wconf 88' lang='lat' dir='ltr'>non</span> <span class='ocrx_word' id='word_1_51' title='bbox 710 1047 787 1102; x_wconf 87' lang='lat' dir='ltr'>trina</span> <span class='ocrx_word' id='word_1_52' title='bbox 808 1046 927 1104; x_wconf 87' lang='lat' dir='ltr'>Deitate</span> <span class='ocrx_word' id='word_1_53' title='bbox 948 1065 977 1119; x_wconf 92' lang='lat' dir='ltr'>p.</span> <span class='ocrx_word' id='word_1_54' title='bbox 994 1045 1064 1104; x_wconf 80' lang='grc'><strong>528.</strong></span> <span class='ocrx_word' id='word_1_55' title='bbox 1082 1043 1152 1106; x_wconf 80' lang='grc'><strong>1148.</strong></span> <span class='ocrx_word' id='word_1_56' title='bbox 1176 1044 1304 1103; x_wconf 85' lang='lat' dir='ltr'>eandem</span> 
     </span>
     <span class='ocr_line' id='line_1_7' title="bbox 227 1129 1305 1210; baseline -0.007 -14"><span class='ocrx_word' id='word_1_57' title='bbox 227 1135 430 1210; x_wconf 77' lang='lat' dir='ltr'>‚scriptionem</span> <span class='ocrx_word' id='word_1_58' title='bbox 459 1133 585 1207; x_wconf 85' lang='lat' dir='ltr'>profert:</span> <span class='ocrx_word' id='word_1_59' title='bbox 624 1129 792 1206; x_wconf 71' lang='lat' dir='ltr'>Aliquando</span> <span class='ocrx_word' id='word_1_60' title='bbox 822 1129 920 1190; x_wconf 85' lang='lat' dir='ltr'>Patris</span> <span class='ocrx_word' id='word_1_61' title='bbox 951 1135 981 1187; x_wconf 90' lang='lat' dir='ltr'>et</span> <span class='ocrx_word' id='word_1_62' title='bbox 1009 1130 1074 1187; x_wconf 83' lang='lat' dir='ltr'>Filii</span> <span class='ocrx_word' id='word_1_63' title='bbox 1109 1138 1305 1204; x_wconf 74' lang='lat' dir='ltr'>personarum</span> 
     </span>
    </p>
   </div>
   <div class='ocr_carea' id='block_1_3' title="bbox 143 1215 1305 1292">
    <p class='ocr_par' dir='ltr' id='par_1_3' title="bbox 143 1215 1305 1292">
     <span class='ocr_line' id='line_1_8' title="bbox 143 1215 1305 1292; baseline -0.005 -13"><span class='ocrx_word' id='word_1_64' title='bbox 143 1223 145 1234; x_wconf 90' lang='lat'>&#39;</span> <span class='ocrx_word' id='word_1_65' title='bbox 238 1224 354 1278; x_wconf 77' lang='grc'><strong>44444444</strong></span> <span class='ocrx_word' id='word_1_66' title='bbox 382 1219 560 1275; x_wconf 78' lang='lat' dir='ltr'>mentionem</span> <span class='ocrx_word' id='word_1_67' title='bbox 589 1218 701 1274; x_wconf 85' lang='lat' dir='ltr'>iaciens</span> <span class='ocrx_word' id='word_1_68' title='bbox 732 1215 814 1287; x_wconf 80' lang='lat' dir='ltr'>dixit:</span> <span class='ocrx_word' id='word_1_69' title='bbox 861 1215 1011 1272; x_wconf 78' lang='lat' dir='ltr'>Aurora</span> <span class='ocrx_word' id='word_1_70' title='bbox 1047 1233 1187 1292; x_wconf 86' lang='lat' dir='ltr'>cursus</span> <span class='ocrx_word' id='word_1_71' title='bbox 1220 1233 1305 1291; x_wconf 89' lang='lat' dir='ltr'>pro·</span> 
     </span>
    </p>
   </div>
   <div class='ocr_carea' id='block_1_4' title="bbox 166 1299 1381 2398">
    <p class='ocr_par' dir='ltr' id='par_1_4' title="bbox 166 1299 1381 2398">
     <span class='ocr_line' id='line_1_9' title="bbox 227 1299 1310 1376; baseline -0.006 -11"><span class='ocrx_word' id='word_1_72' title='bbox 227 1301 373 1371; x_wconf 56' lang='lat' dir='ltr'>‘veham</span> <span class='ocrx_word' id='word_1_73' title='bbox 404 1303 554 1360; x_wconf 76' lang='lat' dir='ltr'>Aurora</span> <span class='ocrx_word' id='word_1_74' title='bbox 576 1307 685 1359; x_wconf 86' lang='lat' dir='ltr'>otus</span> <span class='ocrx_word' id='word_1_75' title='bbox 708 1301 892 1376; x_wconf 85' lang='lat' dir='ltr'>prodeat</span> <span class='ocrx_word' id='word_1_76' title='bbox 915 1299 1096 1358; x_wconf 84' lang='lat' dir='ltr'>lnPatre</span> <span class='ocrx_word' id='word_1_77' title='bbox 1119 1306 1178 1358; x_wconf 90' lang='lat' dir='ltr'>to</span> <span class='ocrx_word' id='word_1_78' title='bbox 1185 1317 1228 1358; x_wconf 86' lang='lat' dir='ltr'>us</span> <span class='ocrx_word' id='word_1_79' title='bbox 1251 1301 1310 1360; x_wconf 53' lang='lat' dir='ltr'>Fi*</span> 
     </span>
     <span class='ocr_line' id='line_1_10' title="bbox 237 1385 1381 1462; baseline -0.004 -13"><span class='ocrx_word' id='word_1_80' title='bbox 237 1392 334 1456; x_wconf 78' lang='lat' dir='ltr'>lius,</span> <span class='ocrx_word' id='word_1_81' title='bbox 355 1385 880 1445; x_wconf 79' lang='lat' dir='ltr'>littotusinverboPater.</span> <span class='ocrx_word' id='word_1_82' title='bbox 926 1385 1052 1444; x_wconf 78' lang='lat' dir='ltr'><strong>Accedit</strong></span> <span class='ocrx_word' id='word_1_83' title='bbox 1039 1385 1228 1462; x_wconf 80' lang='lat' dir='ltr'>tquodvv.</span> <span class='ocrx_word' id='word_1_84' title='bbox 1252 1385 1303 1446; x_wconf 79' lang='lat' dir='ltr'>tl.</span> <span class='ocrx_word' id='word_1_85' title='bbox 1374 1387 1381 1406; x_wconf 83' lang='lat'>&#39;</span> 
     </span>
     <span class='ocr_line' id='line_1_11' title="bbox 233 1471 1306 1546; baseline -0.006 -10"><span class='ocrx_word' id='word_1_86' title='bbox 233 1476 308 1543; x_wconf 61' lang='lat'>³82,</span> <span class='ocrx_word' id='word_1_87' title='bbox 336 1480 371 1531; x_wconf 87' lang='lat' dir='ltr'>ut</span> <span class='ocrx_word' id='word_1_88' title='bbox 400 1474 471 1530; x_wconf 87' lang='lat' dir='ltr'>mihi</span> <span class='ocrx_word' id='word_1_89' title='bbox 492 1471 625 1540; x_wconf 77' lang='lat' dir='ltr'>videtur,</span> <span class='ocrx_word' id='word_1_90' title='bbox 657 1473 846 1546; x_wconf 71' lang='lat' dir='ltr'><strong>expostulant</strong></span> <span class='ocrx_word' id='word_1_91' title='bbox 875 1487 980 1529; x_wconf 78' lang='lat' dir='ltr'>vocem</span> <span class='ocrx_word' id='word_1_92' title='bbox 1002 1475 1141 1528; x_wconf 85' lang='lat' dir='ltr'>totes&#39;</span> <span class='ocrx_word' id='word_1_93' title='bbox 1134 1489 1163 1530; x_wconf 91' lang='grc'>44</span> <span class='ocrx_word' id='word_1_94' title='bbox 1186 1475 1306 1530; x_wconf 78' lang='lat' dir='ltr'>antece·</span> 
     </span>
     <span class='ocr_line' id='line_1_12' title="bbox 241 1544 1324 1632; baseline -0.004 -14"><span class='ocrx_word' id='word_1_95' title='bbox 241 1544 378 1620; x_wconf 74' lang='lat' dir='ltr'>dentibus</span> <span class='ocrx_word' id='word_1_96' title='bbox 400 1562 669 1616; x_wconf 75' lang='lat' dir='ltr'><strong>commemoratam</strong></span> <span class='ocrx_word' id='word_1_97' title='bbox 713 1558 819 1632; x_wconf 88' lang='lat' dir='ltr'>Itaque</span> <span class='ocrx_word' id='word_1_98' title='bbox 841 1557 931 1614; x_wconf 91' lang='lat' dir='ltr'>hunc</span> <span class='ocrx_word' id='word_1_99' title='bbox 944 1557 1056 1615; x_wconf 86' lang='lat' dir='ltr'>suadeo</span> <span class='ocrx_word' id='word_1_100' title='bbox 1079 1573 1211 1614; x_wconf 83' lang='lat' dir='ltr'>sensum:</span> <span class='ocrx_word' id='word_1_101' title='bbox 1241 1559 1303 1614; x_wconf 76' lang='lat' dir='ltr'>Aa·</span> <span class='ocrx_word' id='word_1_102' title='bbox 1318 1591 1324 1598; x_wconf 93' lang='lat'><em>-</em></span> 
     </span>
     <span class='ocr_line' id='line_1_13' title="bbox 239 1641 1307 1716; baseline -0.003 -13"><span class='ocrx_word' id='word_1_103' title='bbox 239 1663 326 1704; x_wconf 77' lang='lat' dir='ltr'>rotae</span> <span class='ocrx_word' id='word_1_104' title='bbox 347 1647 443 1701; x_wconf 88' lang='lat' dir='ltr'>instar</span> <span class='ocrx_word' id='word_1_105' title='bbox 464 1649 509 1700; x_wconf 89' lang='lat' dir='ltr'>tot</span> <span class='ocrx_word' id='word_1_106' title='bbox 511 1655 545 1700; x_wconf 84' lang='lat' dir='ltr'>us</span> <span class='ocrx_word' id='word_1_107' title='bbox 568 1642 695 1716; x_wconf 78' lang='lat' dir='ltr'><strong>prodeat</strong></span> <span class='ocrx_word' id='word_1_108' title='bbox 717 1643 797 1700; x_wconf 83' lang='lat' dir='ltr'>Deus</span> <span class='ocrx_word' id='word_1_109' title='bbox 829 1649 859 1700; x_wconf 88' lang='lat' dir='ltr'>et</span> <span class='ocrx_word' id='word_1_110' title='bbox 880 1641 971 1700; x_wconf 85' lang='lat' dir='ltr'>Pater</span> <span class='ocrx_word' id='word_1_111' title='bbox 993 1648 1024 1700; x_wconf 89' lang='lat' dir='ltr'>et</span> <span class='ocrx_word' id='word_1_112' title='bbox 1045 1643 1145 1700; x_wconf 80' lang='lat' dir='ltr'>Filius.</span> <span class='ocrx_word' id='word_1_113' title='bbox 1190 1643 1221 1700; x_wconf 82' lang='lat' dir='ltr'>Si</span> <span class='ocrx_word' id='word_1_114' title='bbox 1242 1656 1307 1700; x_wconf 82' lang='lat' dir='ltr'>ma·</span> 
     </span>
     <span class='ocr_line' id='line_1_14' title="bbox 241 1727 1278 1808; baseline -0.006 -18"><span class='ocrx_word' id='word_1_115' title='bbox 241 1733 288 1808; x_wconf 75' lang='lat' dir='ltr'>gis</span> <span class='ocrx_word' id='word_1_116' title='bbox 310 1731 411 1805; x_wconf 85' lang='lat' dir='ltr'>placet</span> <span class='ocrx_word' id='word_1_117' title='bbox 434 1731 612 1796; x_wconf 85' lang='lat' dir='ltr'>coniectura,</span> <span class='ocrx_word' id='word_1_118' title='bbox 635 1745 694 1803; x_wconf 86' lang='lat' dir='ltr'>ego</span> <span class='ocrx_word' id='word_1_119' title='bbox 717 1729 841 1802; x_wconf 84' lang='lat' dir='ltr'>legerim</span> <span class='ocrx_word' id='word_1_120' title='bbox 863 1745 1004 1785; x_wconf 83' lang='lat' dir='ltr'>aurora</span> <span class='ocrx_word' id='word_1_121' title='bbox 1026 1727 1190 1785; x_wconf 86' lang='lat' dir='ltr'>tandem.</span> <span class='ocrx_word' id='word_1_122' title='bbox 1276 1735 1278 1740; x_wconf 88' lang='lat'>&#39;</span> 
     </span>
     <span class='ocr_line' id='line_1_15' title="bbox 309 1802 1307 1887; baseline 0 -11"><span class='ocrx_word' id='word_1_123' title='bbox 309 1822 382 1876; x_wconf 94' lang='grc' dir='ltr'><strong>4.Ρ.</strong></span> <span class='ocrx_word' id='word_1_124' title='bbox 410 1820 455 1874; x_wconf 82' lang='lat' dir='ltr'>Os.</span> <span class='ocrx_word' id='word_1_125' title='bbox 483 1802 668 1874; x_wconf 71' lang='lat' dir='ltr'>diemd&#39;iee</span> <span class='ocrx_word' id='word_1_126' title='bbox 692 1821 716 1872; x_wconf 93' lang='grc'>9.</span> <span class='ocrx_word' id='word_1_127' title='bbox 735 1819 779 1872; x_wconf 86' lang='lat' dir='ltr'>Os</span> <span class='ocrx_word' id='word_1_128' title='bbox 798 1819 846 1874; x_wconf 84' lang='lat' dir='ltr'>Ga.</span> <span class='ocrx_word' id='word_1_129' title='bbox 875 1821 903 1872; x_wconf 92' lang='lat' dir='ltr'>P.</span> <span class='ocrx_word' id='word_1_130' title='bbox 932 1827 965 1872; x_wconf 88' lang='grc'>44</span> <span class='ocrx_word' id='word_1_131' title='bbox 988 1823 1121 1887; x_wconf 86' lang='lat' dir='ltr'>patrem</span> <span class='ocrx_word' id='word_1_132' title='bbox 1151 1822 1191 1873; x_wconf 80' lang='lat'>1³.</span> <span class='ocrx_word' id='word_1_133' title='bbox 1210 1820 1307 1876; x_wconf 35' lang='lat' dir='ltr'>eamr</span> 
     </span>
     <span class='ocr_line' id='line_1_16' title="bbox 242 1887 1219 1963; baseline -0.004 -17"><span class='ocrx_word' id='word_1_134' title='bbox 242 1891 426 1946; x_wconf 80' lang='lat' dir='ltr'>confirmat</span> <span class='ocrx_word' id='word_1_135' title='bbox 446 1891 485 1943; x_wconf 88' lang='grc'>14.</span> <span class='ocrx_word' id='word_1_136' title='bbox 503 1887 550 1963; x_wconf 75' lang='grc' dir='ltr'>Οε,</span> <span class='ocrx_word' id='word_1_137' title='bbox 568 1887 615 1941; x_wconf 82' lang='lat' dir='ltr'>Ga.</span> <span class='ocrx_word' id='word_1_138' title='bbox 633 1887 663 1941; x_wconf 82' lang='lat' dir='ltr'>P.</span> <span class='ocrx_word' id='word_1_139' title='bbox 683 1889 804 1942; x_wconf 77' lang='lat' dir='ltr'>dentes</span> <span class='ocrx_word' id='word_1_140' title='bbox 822 1889 862 1942; x_wconf 82' lang='grc'>90.</span> <span class='ocrx_word' id='word_1_141' title='bbox 881 1888 911 1940; x_wconf 88' lang='grc' dir='ltr'>Ρ.</span> <span class='ocrx_word' id='word_1_142' title='bbox 930 1905 1000 1948; x_wconf 83' lang='lat' dir='ltr'>oum</span> <span class='ocrx_word' id='word_1_143' title='bbox 1018 1888 1219 1942; x_wconf 82' lang='grc'><strong>1444444444.</strong></span> 
     </span>
     <span class='ocr_line' id='line_1_17' title="bbox 221 1983 1309 2068; baseline -0.002 -24"><span class='ocrx_word' id='word_1_144' title='bbox 221 2017 223 2022; x_wconf 91' lang='lat'>·</span> <span class='ocrx_word' id='word_1_145' title='bbox 329 1989 355 2044; x_wconf 90' lang='lat'>1.</span> <span class='ocrx_word' id='word_1_146' title='bbox 379 1985 514 2042; x_wconf 76' lang='lat' dir='ltr'>Ambro-s.</span> <span class='ocrx_word' id='word_1_147' title='bbox 540 1983 650 2042; x_wconf 83' lang='lat' dir='ltr'>deiide</span> <span class='ocrx_word' id='word_1_148' title='bbox 665 1983 746 2068; x_wconf 63' lang='lat'>¹1:1³·</span> <span class='ocrx_word' id='word_1_149' title='bbox 764 1983 839 2042; x_wconf 79' lang='lat'><strong>415:</strong></span> <span class='ocrx_word' id='word_1_150' title='bbox 884 1983 1048 2060; x_wconf 72' lang='lat' dir='ltr'>Prophetae</span> <span class='ocrx_word' id='word_1_151' title='bbox 1069 1985 1180 2042; x_wconf 76' lang='lat' dir='ltr'>dicuat:</span> <span class='ocrx_word' id='word_1_152' title='bbox 1204 1984 1309 2061; x_wconf 73' lang='lat' dir='ltr'>Splen-</span> 
     </span>
     <span class='ocr_line' id='line_1_18' title="bbox 166 2070 1309 2145; baseline -0.002 -15"><span class='ocrx_word' id='word_1_153' title='bbox 166 2103 170 2122; x_wconf 69' lang='lat'>&lt;</span> <span class='ocrx_word' id='word_1_154' title='bbox 242 2075 295 2130; x_wconf 83' lang='lat' dir='ltr'>dor</span> <span class='ocrx_word' id='word_1_155' title='bbox 318 2074 450 2129; x_wconf 74' lang='lat' dir='ltr'>ostentm</span> <span class='ocrx_word' id='word_1_156' title='bbox 467 2072 539 2127; x_wconf 80' lang='lat' dir='ltr'>lacis</span> <span class='ocrx_word' id='word_1_157' title='bbox 553 2079 690 2128; x_wconf 74' lang='lat' dir='ltr'>aeternae</span> <span class='ocrx_word' id='word_1_158' title='bbox 711 2079 763 2126; x_wconf 83' lang='lat' dir='ltr'>ete.</span> <span class='ocrx_word' id='word_1_159' title='bbox 816 2070 884 2126; x_wconf 78' lang='lat' dir='ltr'>Vide</span> <span class='ocrx_word' id='word_1_160' title='bbox 899 2077 1006 2142; x_wconf 81' lang='lat' dir='ltr'>quanta</span> <span class='ocrx_word' id='word_1_161' title='bbox 1021 2070 1167 2128; x_wconf 76' lang='lat' dir='ltr'>dieantur:</span> <span class='ocrx_word' id='word_1_162' title='bbox 1210 2072 1309 2145; x_wconf 68' lang='lat' dir='ltr'>spten-</span> 
     </span>
     <span class='ocr_line' id='line_1_19' title="bbox 244 2155 1309 2232; baseline -0.004 -16"><span class='ocrx_word' id='word_1_163' title='bbox 244 2159 313 2224; x_wconf 72' lang='lat' dir='ltr'>dor,</span> <span class='ocrx_word' id='word_1_164' title='bbox 356 2155 434 2231; x_wconf 79' lang='lat' dir='ltr'>qood</span> <span class='ocrx_word' id='word_1_165' title='bbox 453 2155 572 2212; x_wconf 78' lang='lat' dir='ltr'>claritas</span> <span class='ocrx_word' id='word_1_166' title='bbox 595 2156 739 2232; x_wconf 79' lang='lat' dir='ltr'>paternae</span> <span class='ocrx_word' id='word_1_167' title='bbox 767 2157 841 2212; x_wconf 80' lang='lat' dir='ltr'>lacis</span> <span class='ocrx_word' id='word_1_168' title='bbox 863 2157 893 2210; x_wconf 80' lang='lat' dir='ltr'>in</span> <span class='ocrx_word' id='word_1_169' title='bbox 913 2157 975 2226; x_wconf 74' lang='lat' dir='ltr'>fillo</span> <span class='ocrx_word' id='word_1_170' title='bbox 997 2157 1043 2211; x_wconf 80' lang='lat' dir='ltr'>sit.</span> <span class='ocrx_word' id='word_1_171' title='bbox 1089 2155 1138 2214; x_wconf 77' lang='grc'>24.</span> <span class='ocrx_word' id='word_1_172' title='bbox 1162 2156 1212 2214; x_wconf 80' lang='grc'>24.</span> <span class='ocrx_word' id='word_1_173' title='bbox 1233 2155 1309 2212; x_wconf 72' lang='grc'><strong>4444-</strong></span> 
     </span>
     <span class='ocr_line' id='line_1_20' title="bbox 241 2239 1306 2314; baseline -0.001 -14"><span class='ocrx_word' id='word_1_174' title='bbox 241 2241 326 2314; x_wconf 75' lang='grc'><strong>4444,</strong></span> <span class='ocrx_word' id='word_1_175' title='bbox 343 2241 383 2299; x_wconf 77' lang='lat' dir='ltr'>(le</span> <span class='ocrx_word' id='word_1_176' title='bbox 405 2257 529 2298; x_wconf 80' lang='lat' dir='ltr'>sacram.</span> <span class='ocrx_word' id='word_1_177' title='bbox 553 2241 589 2296; x_wconf 89' lang='lat' dir='ltr'>II.</span> <span class='ocrx_word' id='word_1_178' title='bbox 613 2259 641 2314; x_wconf 89' lang='lat' dir='ltr'>p.</span> <span class='ocrx_word' id='word_1_179' title='bbox 666 2240 741 2298; x_wconf 79' lang='lat'><strong>370:</strong></span> <span class='ocrx_word' id='word_1_180' title='bbox 764 2239 849 2296; x_wconf 80' lang='lat' dir='ltr'>Unde</span> <span class='ocrx_word' id='word_1_181' title='bbox 872 2244 903 2296; x_wconf 91' lang='lat' dir='ltr'>et</span> <span class='ocrx_word' id='word_1_182' title='bbox 925 2240 1080 2313; x_wconf 87' lang='lat' dir='ltr'>apostolus</span> <span class='ocrx_word' id='word_1_183' title='bbox 1103 2241 1144 2296; x_wconf 89' lang='grc'>444</span> <span class='ocrx_word' id='word_1_184' title='bbox 1164 2239 1251 2314; x_wconf 79' lang='lat' dir='ltr'>(eph.</span> <span class='ocrx_word' id='word_1_185' title='bbox 1276 2241 1306 2309; x_wconf 82' lang='grc'><strong>5,</strong></span> 
     </span>
     <span class='ocr_line' id='line_1_21' title="bbox 243 2317 1306 2398; baseline 0 -16"><span class='ocrx_word' id='word_1_186' title='bbox 243 2323 317 2394; x_wconf 53' lang='lat' dir='ltr'>Pal:</span> <span class='ocrx_word' id='word_1_187' title='bbox 362 2327 462 2382; x_wconf 85' lang='lat' dir='ltr'>Nolite</span> <span class='ocrx_word' id='word_1_188' title='bbox 491 2325 628 2383; x_wconf 82' lang='lat' dir='ltr'>inebriari</span> <span class='ocrx_word' id='word_1_189' title='bbox 655 2317 740 2392; x_wconf 76' lang='grc'><strong>4444,</strong></span> <span class='ocrx_word' id='word_1_190' title='bbox 779 2323 833 2380; x_wconf 86' lang='lat' dir='ltr'>sed</span> <span class='ocrx_word' id='word_1_191' title='bbox 861 2325 1020 2398; x_wconf 78' lang='lat' dir='ltr'>implemini</span> <span class='ocrx_word' id='word_1_192' title='bbox 1055 2326 1161 2398; x_wconf 88' lang='lat' dir='ltr'>spiritu</span> <span class='ocrx_word' id='word_1_193' title='bbox 1190 2331 1306 2384; x_wconf 86' lang='lat' dir='ltr'>sancto.</span> 
     </span>
    </p>
   </div>
   <div class='ocr_carea' id='block_1_5' title="bbox 242 2405 1409 2570">
    <p class='ocr_par' dir='ltr' id='par_1_5' title="bbox 242 2405 1409 2570">
     <span class='ocr_line' id='line_1_22' title="bbox 243 2405 1409 2486; baseline -0.003 -16"><span class='ocrx_word' id='word_1_194' title='bbox 243 2414 317 2470; x_wconf 85' lang='lat' dir='ltr'>Vino</span> <span class='ocrx_word' id='word_1_195' title='bbox 338 2413 417 2470; x_wconf 84' lang='lat' dir='ltr'>enim</span> <span class='ocrx_word' id='word_1_196' title='bbox 438 2413 491 2486; x_wconf 86' lang='lat' dir='ltr'>qui</span> <span class='ocrx_word' id='word_1_197' title='bbox 513 2411 674 2468; x_wconf 83' lang='lat' dir='ltr'>inebriatur</span> <span class='ocrx_word' id='word_1_198' title='bbox 695 2405 815 2468; x_wconf 80' lang='lat' dir='ltr'>vacillat</span> <span class='ocrx_word' id='word_1_199' title='bbox 838 2414 868 2466; x_wconf 89' lang='lat' dir='ltr'>et</span> <span class='ocrx_word' id='word_1_200' title='bbox 890 2409 1014 2478; x_wconf 85' lang='lat' dir='ltr'>titubat,</span> <span class='ocrx_word' id='word_1_201' title='bbox 1046 2411 1150 2484; x_wconf 86' lang='lat' dir='ltr'>spiritu</span> <span class='ocrx_word' id='word_1_202' title='bbox 1172 2413 1223 2486; x_wconf 82' lang='lat' dir='ltr'>qui</span> <span class='ocrx_word' id='word_1_203' title='bbox 1243 2413 1310 2475; x_wconf 79' lang='lat' dir='ltr'>ine·</span> <span class='ocrx_word' id='word_1_204' title='bbox 1408 2415 1409 2424; x_wconf 63' lang='lat'><em>²</em></span> 
     </span>
     <span class='ocr_line' id='line_1_23' title="bbox 242 2494 1409 2570; baseline 0 -16"><span class='ocrx_word' id='word_1_205' title='bbox 242 2499 356 2556; x_wconf 81' lang='lat' dir='ltr'>brieter</span> <span class='ocrx_word' id='word_1_206' title='bbox 376 2495 528 2558; x_wconf 78' lang='lat' dir='ltr'>radicatus</span> <span class='ocrx_word' id='word_1_207' title='bbox 550 2499 580 2552; x_wconf 87' lang='lat' dir='ltr'>in</span> <span class='ocrx_word' id='word_1_208' title='bbox 597 2496 718 2552; x_wconf 37' lang='lat' dir='ltr'>*Christo</span> <span class='ocrx_word' id='word_1_209' title='bbox 731 2499 797 2552; x_wconf 77' lang='lat' dir='ltr'>&#39;est</span> <span class='ocrx_word' id='word_1_210' title='bbox 842 2495 885 2568; x_wconf 60' lang='lat' dir='ltr'>Ee,</span> <span class='ocrx_word' id='word_1_211' title='bbox 900 2494 966 2550; x_wconf 87' lang='lat' dir='ltr'>ideo</span> <span class='ocrx_word' id='word_1_212' title='bbox 988 2496 1144 2570; x_wconf 87' lang='lat' dir='ltr'>praeclara</span> <span class='ocrx_word' id='word_1_213' title='bbox 1166 2496 1308 2564; x_wconf 82' lang='lat' dir='ltr'>ebrietas,</span> <span class='ocrx_word' id='word_1_214' title='bbox 1407 2557 1409 2562; x_wconf 69' lang='grc'><strong>,</strong></span> 
     </span>
    </p>
   </div>
   <div class='ocr_carea' id='block_1_6' title="bbox 244 2579 1327 2764">
    <p class='ocr_par' dir='ltr' id='par_1_6' title="bbox 244 2579 1327 2740">
     <span class='ocr_line' id='line_1_24' title="bbox 244 2579 1307 2660; baseline -0.001 -21"><span class='ocrx_word' id='word_1_215' title='bbox 244 2599 321 2660; x_wconf 88' lang='lat' dir='ltr'>quae</span> <span class='ocrx_word' id='word_1_216' title='bbox 351 2581 495 2638; x_wconf 86' lang='lat' dir='ltr'>sobrietat</span> <span class='ocrx_word' id='word_1_217' title='bbox 451 2585 544 2638; x_wconf 88' lang='lat' dir='ltr'>tatem</span> <span class='ocrx_word' id='word_1_218' title='bbox 572 2583 679 2641; x_wconf 86' lang='lat' dir='ltr'>mentis</span> <span class='ocrx_word' id='word_1_219' title='bbox 710 2585 875 2654; x_wconf 81' lang='lat' dir='ltr'>operatur.</span> <span class='ocrx_word' id='word_1_220' title='bbox 904 2581 948 2636; x_wconf 85' lang='lat' dir='ltr'>De</span> <span class='ocrx_word' id='word_1_221' title='bbox 976 2579 1041 2636; x_wconf 83' lang='lat' dir='ltr'>Noe</span> <span class='ocrx_word' id='word_1_222' title='bbox 1072 2587 1102 2637; x_wconf 96' lang='grc'>44</span> <span class='ocrx_word' id='word_1_223' title='bbox 1131 2599 1201 2638; x_wconf 89' lang='grc'><strong>4444</strong></span> <span class='ocrx_word' id='word_1_224' title='bbox 1228 2582 1250 2638; x_wconf 93' lang='lat' dir='ltr'>l</span> <span class='ocrx_word' id='word_1_225' title='bbox 1274 2601 1307 2657; x_wconf 90' lang='lat' dir='ltr'>p.</span> 
     </span>
     <span class='ocr_line' id='line_1_25' title="bbox 244 2663 1327 2764; baseline -0.003 -36"><span class='ocrx_word' id='word_1_226' title='bbox 244 2669 318 2728; x_wconf 83' lang='lat'><strong>272:</strong></span> <span class='ocrx_word' id='word_1_227' title='bbox 344 2667 385 2724; x_wconf 78' lang='lat' dir='ltr'>llt</span> <span class='ocrx_word' id='word_1_228' title='bbox 406 2667 546 2740; x_wconf 88' lang='lat' dir='ltr'>poculum</span> <span class='ocrx_word' id='word_1_229' title='bbox 568 2667 716 2728; x_wconf 86' lang='lat' dir='ltr'>inebrians</span> <span class='ocrx_word' id='word_1_230' title='bbox 740 2681 829 2740; x_wconf 87' lang='lat' dir='ltr'>quam</span> <span class='ocrx_word' id='word_1_231' title='bbox 850 2666 1037 2764; x_wconf 79' lang='lat' dir='ltr'>praeclarum</span> <span class='ocrx_word' id='word_1_232' title='bbox 1060 2671 1115 2722; x_wconf 88' lang='grc'>444</span> <span class='ocrx_word' id='word_1_233' title='bbox 1160 2663 1244 2736; x_wconf 79' lang='lat' dir='ltr'>Quae</span> <span class='ocrx_word' id='word_1_234' title='bbox 1268 2669 1327 2726; x_wconf 84' lang='lat' dir='ltr'>sit·</span> 
     </span>
    </p>
   </div>
   <div class='ocr_carea' id='block_1_7' title="bbox 243 2751 1409 2827">
    <p class='ocr_par' dir='ltr' id='par_1_7' title="bbox 243 2751 1409 2827">
     <span class='ocr_line' id='line_1_26' title="bbox 243 2751 1409 2827; baseline -0.003 -13"><span class='ocrx_word' id='word_1_235' title='bbox 243 2755 302 2814; x_wconf 82' lang='lat' dir='ltr'>ista</span> <span class='ocrx_word' id='word_1_236' title='bbox 331 2753 477 2810; x_wconf 80' lang='lat' dir='ltr'>ebrietas?</span> <span class='ocrx_word' id='word_1_237' title='bbox 521 2753 723 2819; x_wconf 74' lang='lat' dir='ltr'>inebriamini,</span> <span class='ocrx_word' id='word_1_238' title='bbox 760 2753 871 2826; x_wconf 85' lang='lat' dir='ltr'>inquit,</span> <span class='ocrx_word' id='word_1_239' title='bbox 908 2769 967 2808; x_wconf 90' lang='lat' dir='ltr'>non</span> <span class='ocrx_word' id='word_1_240' title='bbox 995 2753 1079 2818; x_wconf 81' lang='lat' dir='ltr'>vino,</span> <span class='ocrx_word' id='word_1_241' title='bbox 1118 2751 1172 2808; x_wconf 87' lang='lat' dir='ltr'>sed</span> <span class='ocrx_word' id='word_1_242' title='bbox 1199 2755 1311 2826; x_wconf 84' lang='lat' dir='ltr'>spiritu</span> <span class='ocrx_word' id='word_1_243' title='bbox 1408 2796 1409 2827; x_wconf 70' lang='grc'><strong>,</strong></span> 
     </span>
    </p>
   </div>
   <div class='ocr_carea' id='block_1_8' title="bbox 221 2837 411 2914">
    <p class='ocr_par' dir='ltr' id='par_1_8' title="bbox 221 2837 411 2914">
     <span class='ocr_line' id='line_1_27' title="bbox 221 2837 411 2914; baseline -0.016 -17"><span class='ocrx_word' id='word_1_244' title='bbox 221 2837 231 2852; x_wconf 78' lang='lat'><strong><em>‘</em></strong></span> <span class='ocrx_word' id='word_1_245' title='bbox 243 2839 411 2914; x_wconf 79' lang='lat' dir='ltr'>implemini.</span> 
     </span>
    </p>
   </div>
   <div class='ocr_carea' id='block_1_9' title="bbox 131 2889 1312 3070">
    <p class='ocr_par' dir='ltr' id='par_1_9' title="bbox 131 2889 1409 3070">
     <span class='ocr_line' id='line_1_28' title="bbox 253 2889 1309 2995; baseline -0.008 -10"><span class='ocrx_word' id='word_1_246' title='bbox 253 2929 261 2935; x_wconf 74' lang='grc'><strong>“</strong></span> <span class='ocrx_word' id='word_1_247' title='bbox 329 2924 378 2983; x_wconf 83' lang='grc'>29</span> <span class='ocrx_word' id='word_1_248' title='bbox 401 2923 441 2978; x_wconf 91' lang='grc' dir='ltr'>Μ.</span> <span class='ocrx_word' id='word_1_249' title='bbox 466 2922 602 2994; x_wconf 80' lang='lat' dir='ltr'>„Aurora</span> <span class='ocrx_word' id='word_1_250' title='bbox 623 2925 665 2980; x_wconf 89' lang='lat' dir='ltr'>ist</span> <span class='ocrx_word' id='word_1_251' title='bbox 686 2921 874 2995; x_wconf 79' lang='lat' dir='ltr'>gewblmlich</span> <span class='ocrx_word' id='word_1_252' title='bbox 897 2924 944 2978; x_wconf 89' lang='lat' dir='ltr'>ein</span> <span class='ocrx_word' id='word_1_253' title='bbox 966 2921 1105 2978; x_wconf 87' lang='lat' dir='ltr'>Beiname</span> <span class='ocrx_word' id='word_1_254' title='bbox 1132 2921 1180 2984; x_wconf 78' lang='lat' dir='ltr'>fiir</span> <span class='ocrx_word' id='word_1_255' title='bbox 1200 2889 1309 2991; x_wconf 82' lang='lat' dir='ltr'>Maria,</span> 
     </span>
     <span class='ocr_line' id='line_1_29' title="bbox 131 3006 1312 3070; baseline -0.005 0"><span class='ocrx_word' id='word_1_256' title='bbox 131 3009 134 3017; x_wconf 44' lang='lat'><em>¹</em></span> <span class='ocrx_word' id='word_1_257' title='bbox 244 3009 312 3066; x_wconf 85' lang='lat' dir='ltr'>weil</span> <span class='ocrx_word' id='word_1_258' title='bbox 342 3010 384 3070; x_wconf 82' lang='grc'>414</span> <span class='ocrx_word' id='word_1_259' title='bbox 414 3009 458 3066; x_wconf 82' lang='lat' dir='ltr'>als</span> <span class='ocrx_word' id='word_1_260' title='bbox 485 3007 622 3064; x_wconf 86' lang='lat' dir='ltr'>leibliohe</span> <span class='ocrx_word' id='word_1_261' title='bbox 644 3008 723 3064; x_wconf 86' lang='lat' dir='ltr'>Mutt</span> <span class='ocrx_word' id='word_1_262' title='bbox 698 3011 757 3064; x_wconf 87' lang='lat' dir='ltr'>tter</span> <span class='ocrx_word' id='word_1_263' title='bbox 786 3006 853 3063; x_wconf 90' lang='lat' dir='ltr'>dem</span> <span class='ocrx_word' id='word_1_264' title='bbox 881 3007 1039 3066; x_wconf 88' lang='lat' dir='ltr'>leiblichen</span> <span class='ocrx_word' id='word_1_265' title='bbox 1062 3006 1161 3064; x_wconf 78' lang='lat' dir='ltr'>Sulmo</span> <span class='ocrx_word' id='word_1_266' title='bbox 1190 3009 1312 3066; x_wconf 77' lang='grc'><strong>4444444·-</strong></span> 
     </span>
    </p>
   </div>
   <div class='ocr_carea' id='block_1_10' title="bbox 218 3087 1399 3254">
    <p class='ocr_par' dir='ltr' id='par_1_10' title="bbox 218 3087 1399 3254">
     <span class='ocr_line' id='line_1_30' title="bbox 218 3087 1311 3170; baseline 0 -20"><span class='ocrx_word' id='word_1_267' title='bbox 218 3161 222 3170; x_wconf 61' lang='lat'>.</span> <span class='ocrx_word' id='word_1_268' title='bbox 244 3087 347 3170; x_wconf 69' lang='lat' dir='ltr'>geht.“</span> <span class='ocrx_word' id='word_1_269' title='bbox 378 3093 406 3159; x_wconf 85' lang='lat' dir='ltr'>(e</span> <span class='ocrx_word' id='word_1_270' title='bbox 429 3092 540 3150; x_wconf 80' lang='lat' dir='ltr'>Contio.</span> <span class='ocrx_word' id='word_1_271' title='bbox 564 3093 592 3160; x_wconf 85' lang='lat' dir='ltr'>o,</span> <span class='ocrx_word' id='word_1_272' title='bbox 616 3091 656 3158; x_wconf 81' lang='lat'>9.)</span> <span class='ocrx_word' id='word_1_273' title='bbox 685 3091 747 3149; x_wconf 87' lang='lat' dir='ltr'>Sed</span> <span class='ocrx_word' id='word_1_274' title='bbox 767 3092 824 3150; x_wconf 84' lang='lat' dir='ltr'>hoe</span> <span class='ocrx_word' id='word_1_275' title='bbox 847 3097 981 3148; x_wconf 84' lang='grc'><strong>44444444</strong></span> <span class='ocrx_word' id='word_1_276' title='bbox 1003 3107 1122 3150; x_wconf 86' lang='lat' dir='ltr'>carmen</span> <span class='ocrx_word' id='word_1_277' title='bbox 1142 3094 1249 3152; x_wconf 78' lang='lat' dir='ltr'>rixae</span> <span class='ocrx_word' id='word_1_278' title='bbox 1271 3111 1311 3150; x_wconf 81' lang='lat' dir='ltr'>ne</span> 
     </span>
     <span class='ocr_line' id='line_1_31' title="bbox 246 3175 1399 3254; baseline -0.004 -19"><span class='ocrx_word' id='word_1_279' title='bbox 246 3181 293 3236; x_wconf 82' lang='lat' dir='ltr'>vix</span> <span class='ocrx_word' id='word_1_280' title='bbox 315 3178 435 3254; x_wconf 83' lang='lat' dir='ltr'>quidem</span> <span class='ocrx_word' id='word_1_281' title='bbox 457 3179 569 3234; x_wconf 82' lang='lat' dir='ltr'>Mariae</span> <span class='ocrx_word' id='word_1_282' title='bbox 591 3177 695 3234; x_wconf 85' lang='lat' dir='ltr'>laudes</span> <span class='ocrx_word' id='word_1_283' title='bbox 718 3176 884 3233; x_wconf 86' lang='lat' dir='ltr'>meditatur.</span> <span class='ocrx_word' id='word_1_284' title='bbox 977 3183 979 3186; x_wconf 83' lang='lat'>&#39;</span> <span class='ocrx_word' id='word_1_285' title='bbox 1395 3175 1399 3186; x_wconf 92' lang='lat'>&#39;</span> 
     </span>
    </p>
   </div>
   <div class='ocr_carea' id='block_1_11' title="bbox 415 3495 1190 3620">
    <p class='ocr_par' dir='ltr' id='par_1_11' title="bbox 415 3495 1190 3620">
     <span class='ocr_line' id='line_1_32' title="bbox 415 3495 1190 3620; baseline 0 -18"><span class='ocrx_word' id='word_1_286' title='bbox 415 3518 617 3602; x_wconf 75' lang='lat' dir='ltr'>Saeculum</span> <span class='ocrx_word' id='word_1_287' title='bbox 640 3527 853 3620; x_wconf 61' lang='lat' dir='ltr'>‘Septimum</span> <span class='ocrx_word' id='word_1_288' title='bbox 878 3532 918 3600; x_wconf 89' lang='lat' dir='ltr'>et</span> <span class='ocrx_word' id='word_1_289' title='bbox 944 3527 1139 3608; x_wconf 83' lang='lat' dir='ltr'>Octavum</span> <span class='ocrx_word' id='word_1_290' title='bbox 1186 3495 1190 3498; x_wconf 26' lang='grc'><strong>’</strong></span> 
     </span>
    </p>
   </div>
   <div class='ocr_carea' id='block_1_12' title="bbox 236 3676 1324 4106">
    <p class='ocr_par' dir='ltr' id='par_1_12' title="bbox 236 3676 1324 4106">
     <span class='ocr_line' id='line_1_33' title="bbox 236 3676 1311 3763; baseline 0.003 -18"><span class='ocrx_word' id='word_1_291' title='bbox 236 3693 238 3699; x_wconf 89' lang='grc'><strong>’</strong></span> <span class='ocrx_word' id='word_1_292' title='bbox 268 3689 271 3702; x_wconf 80' lang='grc'>’</span> <span class='ocrx_word' id='word_1_293' title='bbox 329 3676 525 3762; x_wconf 79' lang='lat' dir='ltr'>Iiymnorum,</span> <span class='ocrx_word' id='word_1_294' title='bbox 557 3690 659 3763; x_wconf 89' lang='lat' dir='ltr'>quiin</span> <span class='ocrx_word' id='word_1_295' title='bbox 682 3689 799 3760; x_wconf 76' lang='lat' dir='ltr'>septimi</span> <span class='ocrx_word' id='word_1_296' title='bbox 821 3688 869 3746; x_wconf 90' lang='lat' dir='ltr'>vel</span> <span class='ocrx_word' id='word_1_297' title='bbox 890 3691 919 3746; x_wconf 88' lang='lat' dir='ltr'>in</span> <span class='ocrx_word' id='word_1_298' title='bbox 941 3691 1039 3746; x_wconf 86' lang='lat' dir='ltr'>octavi</span> <span class='ocrx_word' id='word_1_299' title='bbox 1066 3689 1178 3746; x_wconf 88' lang='lat' dir='ltr'>saeculi</span> <span class='ocrx_word' id='word_1_300' title='bbox 1199 3691 1311 3748; x_wconf 82' lang='lat' dir='ltr'>codici-</span> 
     </span>
     <span class='ocr_line' id='line_1_34' title="bbox 246 3773 1313 3850; baseline 0 -19"><span class='ocrx_word' id='word_1_301' title='bbox 246 3775 302 3832; x_wconf 83' lang='lat' dir='ltr'>bus</span> <span class='ocrx_word' id='word_1_302' title='bbox 324 3775 418 3848; x_wconf 86' lang='lat' dir='ltr'>primo</span> <span class='ocrx_word' id='word_1_303' title='bbox 442 3778 716 3841; x_wconf 75' lang='lat' dir='ltr'>commemorantur,</span> <span class='ocrx_word' id='word_1_304' title='bbox 739 3773 874 3830; x_wconf 86' lang='lat' dir='ltr'>delectus</span> <span class='ocrx_word' id='word_1_305' title='bbox 897 3773 1209 3850; x_wconf 61' lang='lat' dir='ltr'>quadripartitusest.</span> <span class='ocrx_word' id='word_1_306' title='bbox 1309 3795 1313 3808; x_wconf 82' lang='grc'><strong><em>·</em></strong></span> 
     </span>
     <span class='ocr_line' id='line_1_35' title="bbox 245 3860 1324 3935; baseline 0.001 -19"><span class='ocrx_word' id='word_1_307' title='bbox 245 3905 250 3916; x_wconf 95' lang='grc'><em>,</em></span> <span class='ocrx_word' id='word_1_308' title='bbox 330 3860 469 3926; x_wconf 81' lang='lat' dir='ltr'>Primum,</span> <span class='ocrx_word' id='word_1_309' title='bbox 493 3861 711 3933; x_wconf 74' lang='lat' dir='ltr'>praetermissis</span> <span class='ocrx_word' id='word_1_310' title='bbox 734 3861 892 3932; x_wconf 14' lang='lat' dir='ltr'>quaepiam</span> <span class='ocrx_word' id='word_1_311' title='bbox 915 3877 1005 3933; x_wconf 87' lang='lat' dir='ltr'>supra</span> <span class='ocrx_word' id='word_1_312' title='bbox 1019 3861 1169 3935; x_wconf 81' lang='lat' dir='ltr'>leguntur,</span> <span class='ocrx_word' id='word_1_313' title='bbox 1193 3877 1229 3916; x_wconf 87' lang='lat' dir='ltr'>ea</span> <span class='ocrx_word' id='word_1_314' title='bbox 1245 3865 1324 3918; x_wconf 87' lang='lat' dir='ltr'>car-&#39;</span> 
     </span>
     <span class='ocr_line' id='line_1_36' title="bbox 246 3945 1311 4020; baseline 0.002 -18"><span class='ocrx_word' id='word_1_315' title='bbox 246 3946 325 4003; x_wconf 82' lang='lat' dir='ltr'>mina</span> <span class='ocrx_word' id='word_1_316' title='bbox 346 3946 535 4012; x_wconf 76' lang='grc'><strong>4444444444,</strong></span> <span class='ocrx_word' id='word_1_317' title='bbox 572 3946 700 4020; x_wconf 86' lang='lat' dir='ltr'>quaein</span> <span class='ocrx_word' id='word_1_318' title='bbox 723 3945 931 4001; x_wconf 85' lang='lat' dir='ltr'>vetustissimis</span> <span class='ocrx_word' id='word_1_319' title='bbox 953 3945 1104 4002; x_wconf 84' lang='lat' dir='ltr'>Thomasii</span> <span class='ocrx_word' id='word_1_320' title='bbox 1131 3945 1311 4004; x_wconf 83' lang='lat' dir='ltr'>membranis</span> 
     </span>
     <span class='ocr_line' id='line_1_37' title="bbox 246 4029 1311 4106; baseline 0 -19"><span class='ocrx_word' id='word_1_321' title='bbox 246 4032 442 4106; x_wconf 84' lang='lat' dir='ltr'>reperiuntur.</span> <span class='ocrx_word' id='word_1_322' title='bbox 486 4031 560 4086; x_wconf 87' lang='lat' dir='ltr'>Dico</span> <span class='ocrx_word' id='word_1_323' title='bbox 573 4029 757 4106; x_wconf 10' lang='lat' dir='ltr'>*Vaticanum</span> <span class='ocrx_word' id='word_1_324' title='bbox 783 4031 824 4087; x_wconf 81' lang='lat'>82</span> <span class='ocrx_word' id='word_1_325' title='bbox 850 4033 940 4104; x_wconf 88' lang='lat' dir='ltr'>atque</span> <span class='ocrx_word' id='word_1_326' title='bbox 966 4033 1107 4104; x_wconf 84' lang='lat' dir='ltr'>imprimis</span> <span class='ocrx_word' id='word_1_327' title='bbox 1130 4030 1311 4088; x_wconf 88' lang='lat' dir='ltr'>Psalterium</span> 
     </span>
    </p>
   </div>
   <div class='ocr_carea' id='block_1_13' title="bbox 129 4113 1311 4190">
    <p class='ocr_par' dir='ltr' id='par_1_13' title="bbox 129 4113 1311 4190">
     <span class='ocr_line' id='line_1_38' title="bbox 129 4113 1311 4190; baseline -0.002 -14"><span class='ocrx_word' id='word_1_328' title='bbox 129 4169 130 4176; x_wconf 72' lang='grc'><strong>,</strong></span> <span class='ocrx_word' id='word_1_329' title='bbox 187 4117 195 4122; x_wconf 76' lang='grc'><strong>”</strong></span> <span class='ocrx_word' id='word_1_330' title='bbox 247 4117 379 4190; x_wconf 81' lang='lat' dir='ltr'>Reginae</span> <span class='ocrx_word' id='word_1_331' title='bbox 403 4117 538 4182; x_wconf 85' lang='lat' dir='ltr'>Sueciae,</span> <span class='ocrx_word' id='word_1_332' title='bbox 561 4116 591 4171; x_wconf 95' lang='lat' dir='ltr'>in</span> <span class='ocrx_word' id='word_1_333' title='bbox 618 4133 690 4188; x_wconf 89' lang='lat' dir='ltr'>quo,</span> <span class='ocrx_word' id='word_1_334' title='bbox 728 4113 809 4188; x_wconf 84' lang='lat' dir='ltr'>quod</span> <span class='ocrx_word' id='word_1_335' title='bbox 835 4117 991 4187; x_wconf 81' lang='lat' dir='ltr'>pauciores</span> <span class='ocrx_word' id='word_1_336' title='bbox 1019 4115 1138 4190; x_wconf 84' lang='lat' dir='ltr'>quidem</span> <span class='ocrx_word' id='word_1_337' title='bbox 1160 4115 1311 4174; x_wconf 85' lang='lat' dir='ltr'>habentur</span> 
     </span>
    </p>
   </div>
   <div class='ocr_carea' id='block_1_14' title="bbox 246 4190 1339 4444">
    <p class='ocr_par' dir='ltr' id='par_1_14' title="bbox 246 4190 1339 4444">
     <span class='ocr_line' id='line_1_39' title="bbox 246 4190 1310 4276; baseline 0.003 -21"><span class='ocrx_word' id='word_1_338' title='bbox 246 4202 347 4273; x_wconf 75' lang='lat' dir='ltr'>hymni</span> <span class='ocrx_word' id='word_1_339' title='bbox 371 4201 624 4258; x_wconf 66' lang='lat' dir='ltr'>sed*vetusti0res</span> <span class='ocrx_word' id='word_1_340' title='bbox 646 4206 678 4255; x_wconf 90' lang='lat' dir='ltr'>et</span> <span class='ocrx_word' id='word_1_341' title='bbox 699 4201 718 4254; x_wconf 91' lang='lat' dir='ltr'>ii</span> <span class='ocrx_word' id='word_1_342' title='bbox 739 4190 846 4266; x_wconf 73' lang='lat' dir='ltr'>ferme,</span> <span class='ocrx_word' id='word_1_343' title='bbox 884 4199 921 4256; x_wconf 86' lang='lat' dir='ltr'>de</span> <span class='ocrx_word' id='word_1_344' title='bbox 944 4201 1050 4276; x_wconf 88' lang='lat' dir='ltr'>quibus</span> <span class='ocrx_word' id='word_1_345' title='bbox 1078 4205 1175 4258; x_wconf 86' lang='lat' dir='ltr'>exstat</span> <span class='ocrx_word' id='word_1_346' title='bbox 1197 4203 1310 4258; x_wconf 87' lang='lat' dir='ltr'>mentio</span> 
     </span>
     <span class='ocr_line' id='line_1_40' title="bbox 247 4284 1309 4360; baseline 0.002 -18"><span class='ocrx_word' id='word_1_347' title='bbox 247 4289 277 4342; x_wconf 92' lang='lat' dir='ltr'>in</span> <span class='ocrx_word' id='word_1_348' title='bbox 305 4287 411 4360; x_wconf 79' lang='lat' dir='ltr'>priscis</span> <span class='ocrx_word' id='word_1_349' title='bbox 443 4286 587 4342; x_wconf 86' lang='lat' dir='ltr'>eeclesiae</span> <span class='ocrx_word' id='word_1_350' title='bbox 616 4285 819 4340; x_wconf 88' lang='lat' dir='ltr'>monumentis.</span> <span class='ocrx_word' id='word_1_351' title='bbox 855 4284 955 4340; x_wconf 62' lang='lat' dir='ltr'>&#39;Immo</span> <span class='ocrx_word' id='word_1_352' title='bbox 986 4285 1065 4352; x_wconf 84' lang='lat' dir='ltr'>solos</span> <span class='ocrx_word' id='word_1_353' title='bbox 1094 4287 1309 4344; x_wconf 87' lang='lat' dir='ltr'>Ambrosianos</span> 
     </span>
     <span class='ocr_line' id='line_1_41' title="bbox 247 4369 1339 4444; baseline 0.003 -17"><span class='ocrx_word' id='word_1_354' title='bbox 247 4372 374 4444; x_wconf 87' lang='lat' dir='ltr'>hymnos</span> <span class='ocrx_word' id='word_1_355' title='bbox 400 4373 430 4426; x_wconf 92' lang='lat' dir='ltr'>in</span> <span class='ocrx_word' id='word_1_356' title='bbox 458 4387 493 4426; x_wconf 88' lang='lat' dir='ltr'>eo</span> <span class='ocrx_word' id='word_1_357' title='bbox 515 4370 646 4427; x_wconf 85' lang='lat' dir='ltr'>exhiberi</span> <span class='ocrx_word' id='word_1_358' title='bbox 672 4388 729 4429; x_wconf 88' lang='lat' dir='ltr'>non</span> <span class='ocrx_word' id='word_1_359' title='bbox 752 4369 897 4434; x_wconf 81' lang='lat' dir='ltr'>dubitavit</span> <span class='ocrx_word' id='word_1_360' title='bbox 919 4370 1103 4428; x_wconf 82' lang='lat' dir='ltr'>Thomasius.</span> <span class='ocrx_word' id='word_1_361' title='bbox 1148 4372 1309 4430; x_wconf 80' lang='lat' dir='ltr'>Probabile</span> <span class='ocrx_word' id='word_1_362' title='bbox 1334 4415 1339 4422; x_wconf 69' lang='grc'>.</span> 
     </span>
    </p>
   </div>
   <div class='ocr_carea' id='block_1_15' title="bbox 0 0 1429 5026">
    <p class='ocr_par' dir='ltr' id='par_1_15' title="bbox 0 0 1429 5026">
     <span class='ocr_line' id='line_1_42' title="bbox 0 0 1429 5026; baseline 0 0"><span class='ocrx_word' id='word_1_363' title='bbox 0 0 1429 5026; x_wconf 95' lang='lat' dir='ltr'> </span> 
     </span>
    </p>
   </div>
  </div>
 </body>
</html>
