2728 5028
679 429 780 550 ,Μ

217 620 250 680 5.
276 619 343 677 Heu
365 620 508 676 innocens
523 619 602 692 perit
747 675 752 690 ¹
813 623 844 674 et
865 611 1008 690 patiendo

225 715 230 726 ¹
273 710 304 762 et
324 706 422 762 iustus
444 720 514 760 reus
538 705 604 772 erit,
810 701 948 760 liberavit

250 779 343 848 'reus
366 789 572 846 mortificatur.
610 817 613 833 ι
812 789 843 845 et
865 805 883 844 a
905 792 1001 844 morte
1018 789 1192 860 suscitavit.

275 881 306 934 et
328 877 448 950 iniquus
471 874 617 930 salvatur:
754 907 775 965 7
811 909 897 964 Nunc
921 909 969 965 est
991 889 1151 964 tran'sfixus

275 979 355 1018 mors
375 957 480 1034 probe,
505 977 569 1016 sors
593 959 741 1034 improb0;
777 951 783 963 ’

275 1045 386 1104 cedunt
408 1045 558 1118 inaequali
581 1061 720 1102 mensura

274 1132 335 1188 heu
358 1135 462 1186 contra
483 1131 556 1186 iura.

810 1011 864 1067 per
887 1011 976 1067 quem
999 991 1126 1050 mundus
1151 997 1225 1060 stat,
1246 995 1281 1049 in·
1324 1001 1328 1026 ¹

1059 1079 1136 1134 fixus

239 1217 245 1224 .
812 1165 891 1238 perit
913 1165 959 1219 sui
982 1162 1090 1230 cordis,
1346 1233 1347 1236 Ἴ

219 1251 247 1310 6.
276 1250 396 1308 Prolem
417 1251 511 1322 patn's
534 1249 650 1316 almam,
814 1249 871 1304 hoc
894 1254 1005 1322 purgat
1026 1247 1126 1305 labem
1149 1247 1251 1306 sordis.

277 1351 440 1410 quaenunt
448 1352 503 1408 per
512 1335 616 1390 mortis
624 1333 754 1408 palmam
811 1332 869 1390 Pro
893 1351 928 1390 co
951 1335 1010 1408 ipsi
1032 1333 1096 1390 Deo

275 1409 401 1478 tristem
414 1437 518 1476 necem
539 1421 657 1476 necavit
776 1463 779 1470 .
811 1421 941 1492 compati
964 1418 1053 1494 digne
1076 1417 1228 1486 debemus,

278 1511 309 1563 et
329 1505 449 1561 hostem
472 1505 634 1578 superavit,
815 1509 960 1580 quantum
981 1504 1124 1572 valemus,

186 1587 191 1598 “
276 1589 434 1650 laudemus
457 1594 488 1646 et
510 1585 678 1658 adoremuS,
727 1649 732 1664 Ι
814 1590 922 1665 plagas
946 1589 1036 1646 duras

185 1725 188 1732 .
279 1674 361 1752 quod
382 1677 424 1731 ita
446 1693 501 1731 nos
525 1673 677 1730 moriendo
815 1674 1037 1750 recolendoque
1058 1675 1178 1731 fixuras.
1232 1675 1237 1688 “

306 1777 463 1834 Hoffmann
479 1777 513 1856 D..
529 1775 563 1833 K.
578 1796 607 1850 p.
623 1775 684 1834 303
701 1793 745 1850 sq.
769 1777 892 1833 latinam
914 1785 945 1833 et
968 1761 1170 1851 germanicam
1183 1777 1283 1850 Hymni

206 1859 400 1940 ¹scripturam
422 1863 498 1936 legit
519 1863 548 1918 in
570 1860 718 1918 Psalterio
742 1879 796 1936 per
818 1861 1044 1918 hebdomadem.
1075 1851 1141 1938 (Pg'.
1165 1863 1214 1919 Hs.
1236 1861 1282 1918 der

222 1949 316 2006 Bresl.
339 1949 423 2006 Univ.
445 1945 521 2003 Bibl.
545 1945 567 2002 1.
591 1947 639 2004 4⁰.
663 1946 736 2006 233.
759 1947 808 2004 fol.
834 1947 902 2005 174.
925 1964 950 2005 a.
972 1945 1011 2013 b.)

671 2070 859 2080 —-—----·

459 2138 561 2206 Laus
585 2140 644 2207 titt
668 2136 808 2207 Christe
830 2143 889 2232 qni
908 2143 1056 2228 poteria.

593 2241 626 2293 In
644 2241 779 2294 Passieno
798 2241 919 2295 Domini.
1005 2277 1009 2284 ·

425 2354 506 2410 Laus
529 2353 582 2410 tibi
605 2353 723 2424 Christe
746 2357 797 2430 qui
819 2357 932 2429 pateris

427 2441 457 2496 in
480 2455 569 2496 cruce
592 2439 727 2513 pendens
748 2458 804 2514 pro
827 2439 912 2497 nobis
935 2441 1061 2509 miseris,

427 2543 494 2581 cum
516 2529 602 2600 patre
624 2541 735 2600 regnas
757 2527 788 2582 in
810 2526 912 2594 coelis,

426 2628 481 2666 nos
504 2627 573 2666 reos
597 2603 681 2668 salva
701 2613 732 2666 in
755 2601 851 2668 terris.

320 2745 330 2758 .
387 2694 406 2754 5
529 2695 620 2769 Kyric
643 2696 765 2752 eleison.

428 2797 453 2854 Ο
476 2797 572 2854 Maria
594 2795 642 2853 dei
665 2799 799 2874 genitrix,
1113 2857 1117 2864 ,

425 2874 508 2957 pium
529 2883 574 2938 fer
589 2883 736 2941 auxilium
755 2885 812 2957 ‘pro
835 2882 920 2954 nobis
942 2884 1070 2952 miseris,

426 2983 540 3023 nenos
565 2965 737 3025 damnemur
760 2969 957 3046 cumimpiis,

429 3049 484 3107 sed
506 3056 540 3107 ut
563 3052 713 3110 salvemur
735 3071 803 3110 cum
824 3053 931 3110 beatis.

370 3135 409 3194 10
430 3133 436 3141 ’
529 3136 621 3211 Kyrie
645 3139 766 3196 eleison.

310 3237 433 3296 Gorneri
449 3237 525 3295 Cant
543 3238 632 3298 1625.
670 3239 828 3297 Hoffmann
850 3242 884 3297 D.
906 3241 941 3298 K.
966 3221 995 3316 ρ’.
1020 3242 1082 3304 322
1104 3239 1280 3318 investigavit

89 3316 94 3330 ⁸
154 3365 156 3370 -
196 3383 198 3389 ,
225 3339 344 3382 carmen
373 3324 413 3380 ini
431 3322 579 3380 Psalterio
609 3327 690 3398 typis
721 3342 864 3399 expresso
895 3343 973 3386 saec.
995 3327 1057 3384 XV.
1081 3327 1163 3404 quod
1192 3325 1279 3385 estin

190 3451 195 3461 .
223 3406 299 3466 Bibl.
322 3408 568 3466 Wratislaviensi.

659 3472 861 3498 -ss--.

376 3607 388 3616 '
487 3601 564 3688 Ace
586 3585 716 3670 dextro
738 3625 866 3671 mantra
891 3601 1025 3686 Christi

491 3685 567 3753 Ave
589 3693 698 3774 caput
720 3685 854 3757 Christi
871 3695 1022 3775 gratum.

637 3789 882 3858 mmmm

292 3887 376 3942 Mone
394 3887 415 3940 I.
434 3906 460 3956 p.
481 3886 543 3942 158:
575 3889 770 3944 Reiohenauer
788 3891 837 3945 Hs.
862 3892 913 3947 No.
932 3895 973 3948 it.
992 3893 1033 3948 Bl.
1052 3897 1093 3949 86.
1113 3896 1159 3963 (R)
1177 3895 1224 3950 mit
1240 3893 1278 3945 der

223 3957 414 4031 Bemerkung:
446 3957 624 4026 praescripta
647 3959 737 4012 oratio
761 3964 805 4012 est
824 3961 900 4014 edita
918 3979 935 4014 a
952 3965 1036 4016 beato
1056 3963 1194 4033 Gregorio
1211 3975 1276 4040 papst

224 4025 331 4076 habens
356 4024 389 4076 66
412 4040 500 4076 annos
523 4025 771 4093 indulgentiarum.
807 4027 869 4082 Das
887 4031 968 4083 Wert
989 4033 1091 4084 beatus
1110 4031 1277 4086 scheinthier

224 4107 255 4143 so
274 4090 330 4146 viel
346 4091 400 4144 wie
419 4095 573 4158 gestorben
592 4111 627 4146 zu
645 4096 799 4160 bedeuten3
819 4097 893 4150 daun
906 4104 983 4152 ware
998 4115 1029 4153 es
1044 4099 1157 4169 Gregor
1168 4099 1221 4160 le,
1238 4097 1277 4148 der

223 4158 292 4210 1378
309 4159 397 4211 starb.
432 4159 481 4212 Hs.
507 4177 541 4213 zu
558 4161 699 4230 Freiburg
721 4163 772 4220 No.
791 4167 832 4220 61.
851 4165 869 4217 f.
893 4167 933 4230 66.
954 4169 993 4220 15.
1011 4167 1109 4222 Jahrh.
1133 4169 1173 4222 als
1195 4161 1275 4220 Oratio

223 4228 250 4278 b.
270 4225 406 4294 Gregorii
431 4243 530 4294 papae.
565 4230 645 4283 Auch
673 4230 704 4283 in
729 4232 784 4285 den
811 4231 941 4286 diurnum
968 4235 1035 4302 piet.
1063 4237 1157 4289 christ.
1181 4229 1274 4288 exercit

226 4293 314 4415 (Prag
333 4295 401 4374 1662
418 4312 443 4363 p.
464 4297 525 4376 117)
544 4297 585 4353 als
610 4299 748 4354 0661166.
767 4299 899 4368 Gregorii
922 4319 1022 4371 papae.
1057 4303 1167 4358 Ebenso
1184 4303 1209 4355 iu
1225 4301 1275 4352 dan

210 4361 290 4414 .Ant1
310 4365 432 4416 otarium
449 4375 557 4418 ammae
574 4364 622 4418 fol.
641 4369 681 4420 54.
1100 4426 1103 4431 ,
