2848 5030
553 429 732 529 ΠΜ,

370 613 399 671 9.
423 613 498 670 Nam
522 627 557 670 et
580 617 670 686 gente
692 611 882 686 Iudaeiequa
902 605 934 678 ”,

425 701 503 759 deut
524 697 668 770 templum
691 714 726 754 ex
748 699 892 772 utrisque,

421 781 559 842 conditur
579 782 723 842 Ecclesia.

422 869 551 935 Christe,
575 870 626 942 qui
648 867 725 926 hauc
747 873 779 924 ct
801 868 857 924 hos
880 869 955 935 uuis,

422 955 499 1028 lapis
521 953 591 1010 huic
615 959 645 1010 ct
666 953 714 1010 his
738 954 910 1020 communis,

422 1039 475 1096 tibi
498 1039 565 1096 lans
588 1043 618 1096 et
641 1039 744 1112 gloria.

219 1159 313 1216 Neale
336 1159 404 1234 Seq.
427 1177 455 1232 p.
478 1157 540 1216 248
565 1173 580 1214 e
603 1157 778 1214 Missalibus
806 1157 990 1214 Traiectensi
1014 1154 1059 1224 (Τ)
1090 1161 1120 1214 et
1143 1155 1203 1214 An-

133 1241 376 1320 degaveusi(A).
424 1245 450 1300 1.
474 1243 510 1298 A.
542 1260 690 1320 quorum
719 1245 847 1300 instar.
891 1237 1204 1318 2119111411-

134 1335 170 1388 et
198 1331 276 1388 ssot.
321 1331 349 1388 4.
374 1329 406 1388 Τ.
429 1331 498 1385 ima
528 1331 686 1403 signant.
732 1329 767 1384 A.
792 1330 987 1404 sexaginta
1017 1327 1109 1384 duae
1140 1345 1204 1402 per

98 1433 106 1449 ’
135 1433 186 1483 se,
224 1419 259 1472 et
288 1414 344 1471 bis
377 1420 515 1471 tantum
550 1416 748 1472 universae
781 1411 916 1471 habent
949 1412 1015 1469 alti
1049 1411 1202 1472 cubitos.

134 1501 203 1558 Toti
227 1501 368 1574 strophae
392 1499 528 1556 adscribe
550 1499 652 1566 locum
675 1501 783 1574 l'Reg.
807 1499 836 1568 θ,
859 1501 886 1558 2.
931 1499 958 1556 5.
976 1497 1009 1555 Α.
1033 1516 1085 1556 un.
1109 1498 1204 1556 debi-

133 1592 193 1644 tos
216 1615 258 1624 -
281 1591 435 1642 stantem
458 1587 566 1644 casia.
612 1587 639 1643 8.
663 1585 695 1644 T.
718 1602 778 1642 rex
801 1587 932 1660 insign.
956 1611 997 1620 -
1020 1583 1202 1642 aedilicia.

586 1695 589 1704 A

573 1715 734 1728 m.-

217 1790 291 1858 176.
314 1779 454 1865 Pauyot
473 1780 637 1866 hymnum
658 1779 848 1866 Attyieuar'a
871 1779 990 1846 iaculo
1011 1783 1202 1866 martyrum

59 1882 65 1892 “
135 1869 253 1954 plena.
295 1875 329 1932 Β.
353 1875 504 1931 Notkeri
536 1881 733 1950 cognomento
756 1875 874 1931 Balbuli
898 1875 1074 1949 Sequentia,
1111 1873 1202 1931 tituli:

136 1963 315 2020 Metensis
339 1963 459 2016 minor.
504 1959 548 2016 De
572 1961 601 2016 S.
625 1959 793 2016 Ianuario
823 1967 853 2016 et
876 1961 970 2016 Sociis
993 1956 1076 2026 Mat]

162 2085 188 2140 1.
211 2081 329 2156 Pangat
351 2080 494 2156 hymnum
518 2079 679 2156 Augiensis
701 2081 799 2151 insula
822 2084 985 2154 martyrum
1007 2079 1105 2154 plena,

31 2169 36 2173 ’
101 2181 104 2191 ·
159 2170 187 2228 2.
212 2166 295 2238 Quae
318 2168 447 2222 maximo
471 2164 560 2221 hodie
584 2165 691 2241 gaudio
715 2171 843 2240 compta,

158 2254 186 2312 3.
211 2252 285 2308 Cum
308 2252 379 2308 colit
400 2251 506 2311 rubras
530 2253 732 2325 praesentium
755 2254 877 2312 testium
898 2251 1010 2318 lauros,

157 2340 186 2396 4.
212 2337 363 2393 Effusione
386 2338 437 2411 qui
460 2339 613 2412 sanguinis
637 2343 773 2393 emerunt
795 2337 924 2402 coelum;

158 2425 187 2484 5.
211 2424 365 2479 Ianuarius
388 2439 456 2478 nam
479 2425 618 2497 princeps
643 2424 692 2497 qui
715 2423 771 2478 fuit
792 2421 924 2496 praesul,

159 2510 187 2569 6.
211 2508 374 2564 Accinctus
398 2525 470 2564 seno
494 2507 531 2564 ad
555 2525 684 2581 poenam
706 2525 829 2564 numero
851 2509 983 2564 fratrum.

159 2596 187 2654 7.
211 2596 385 2652 Benevento
408 2611 501 2668 regno
523 2594 583 2650 tale
607 2592 698 2650 decus
723 2595 851 2660 emicuit„

160 2681 188 2738 8.
213 2677 294 2748 Quos
317 2679 454 2735 Christus
479 2680 569 2736 saluti
591 2679 672 2734 misit
695 2679 821 2736 Sueviae
844 2677 985 2734 medicos.

161 2765 190 2824 9.
213 2764 267 2820 Eia
287 2766 346 2820 iam
368 2765 490 2832 fratrea,
514 2765 668 2837 placemus
692 2757 842 2820 dofuinum
864 2763 929 2820 odis
953 2762 1079 2829 devotis,

143 2851 189 2908 10.
213 2849 270 2919 Qu
291 2867 346 2905 noe
371 2849 476 2905 sedula
498 2867 588 2923 prece
610 2857 774 2923 martyrum
797 2854 921 2905 coronet
943 2847 1101 2923 languidos

145 2937 192 2992 11.
216 2935 253 2992 Et
274 2941 396 2991 tueatur
417 2935 446 2990 in
470 2951 585 2992 aevum.

228 3055 318 3111 Mene
340 3041 391 3110 111.
415 3073 445 3129 p.
469 3055 530 3114 342
554 3071 589 3110 ex
611 3055 677 3128 ipso
700 3054 844 3112 Branderi
867 3053 986 3111 Codice.

572 3185 775 3194 ——ss——a

228 3258 295 3317 177.
319 3249 490 3327 [locando
513 3248 590 3316 Deo
613 3252 771 3317 lostdolio
793 3250 974 3318 uitiatae
990 3250 1045 3316 dic
1061 3248 1209 3320 sanam

141 3337 362 3402 comecrala.
407 3343 578 3400 Undecim
600 3345 687 3400 Mill.
711 3346 903 3420 virginum.
946 3344 1035 3400 Haud
1051 3341 1140 3402 dubie
1156 3345 1207 3401 ali·
1247 3348 1252 3352 ’

140 3431 225 3486 cuius
248 3435 367 3503 patrum
390 3427 591 3496 [italiensium]
636 3445 641 3456 ¹

225 3514 315 3571 Thes.
337 3511 374 3569 11.
397 3533 426 3586 p.
449 3514 517 3572 176.
561 3515 650 3571 Mona
669 3515 722 3583 ΧΙΙΙ.
745 3535 774 3588 p.
791 3515 853 3576 522
876 3513 938 3582 (He.
956 3532 993 3570 zu
1007 3513 1139 3570 Admont
1164 3515 1209 3574 12.

139 3598 257 3665 Jahrb.)
291 3600 470 3673 scripturam
492 3599 638 3656 Thesauri
669 3619 793 3674 prorsus
825 3601 965 3674 neglexit.
988 3627 1032 3636 -
1066 3602 1094 3658 2.
1119 3617 1209 3674 quos

139 3714 182 3722 -
205 3686 321 3741 caelo.¹
341 3685 369 3742 3.
394 3687 523 3758 pascit.
548 3685 577 3740 4.
594 3685 623 3744 5.
647 3686 733 3742 aliter
756 3686 921 3742 collocatae
944 3690 1022 3740 sunt.
1047 3685 1136 3742 coel.
1161 3701 1208 3741 ex.

142 3771 251 3827 curia.
274 3772 302 3828 8.
324 3771 398 3826 iam.
427 3769 472 3828 10.
496 3769 575 3825 dum
598 3787 697 3846 cogn.
724 3773 769 3828 11.
793 3775 911 3826 mente
935 3771 1044 3827 socia.
1072 3770 1117 3829 15.
1134 3787 1210 3844 gre·

142 3857 200 3930 gis
223 3883 266 3894 —
288 3861 469 3912 sternunt.-
517 3853 561 3914 16.
582 3853 635 3932 17.
667 3851 910 3914 transmutantur.
948 3855 1031 3912 hinc
1053 3884 1096 3894 -
1117 3855 1210 3914 hiuu.

141 3940 190 3998 22.
213 3945 249 3997 et
272 3941 406 4014 spiritu
429 3941 552 3995 —-.uni
575 3941 655 3998 Deo.

227 4027 254 4084 8.
277 4026 366 4110 Mune
388 4027 407 4084 l.
424 4044 447 4084 c.
496 4027 583 4084 Uoter
606 4027 660 4083 deu
683 4028 709 4083 lt.
724 4028 916 4101 Jaanrauem
941 4027 987 4084 dic
1008 4045 1044 4086 aa
1066 4027 1211 4102 Klio-qe·
1291 4035 1300 4052 “

141 4119 265 4170 marceat
293 4112 352 4168 aad
380 4114 486 4170 bereits
516 4115 553 4168 im
582 4111 611 4170 9.
635 4113 734 4169 Jotra.
760 4112 845 4176 (nacla
872 4113 994 4170 usuardi
1023 4115 1209 4188 martyrolog.

142 4215 188 4252 um
213 4196 283 4258 875)
306 4197 435 4256 dorelbst
455 4198 573 4256 uocat
593 4199 725 4265 mamea,
748 4199 826 4256 hiera
848 4201 912 4255 eiua
937 4199 1058 4265 Saule,
1087 4217 1141 4256 aas
1163 4199 1212 4256 de·

141 4300 195 4338 reu
210 4283 319 4338 Nomen
340 4283 576 4342 natrateauiet
598 4284 792 4342 dictracta
815 4284 866 4343 aar
882 4285 1017 4367 leqcnde
1039 4283 1210 4340 eatstaudeu
1244 4281 1247 4287 ’

142 4367 189 4434 ist,
212 4369 278 4429 weil
298 4385 364 4424 moa
386 4369 469 4426 ilueu
484 4369 592 4426 Numen
614 4369 776 4428 vertudero
790 4371 893 4436 wollte,
917 4368 996 4426 ulozo
1013 4370 1060 4428 die
1074 4369 1211 4430 Namus-
