2724 5026
564 405 659 508 ω’

62 621 105 682 36
127 620 155 680 Α
177 618 325 678 defunctis
346 624 520 678 revocatum
663 618 1127 692 Oquamprobatoamlsfloreni,

52 769 60 776 ⁸
127 707 214 764 matri
234 707 335 763 vivum
356 703 455 762 reddit
483 709 594 772 natum,
660 719 776 760 omnem
799 719 944 776 superans
967 703 1089 760 odorem

65 827 71 830 -
127 793 230 850 vivens
253 789 351 846 adhuc
378 805 511 863 corpore.
596 787 637 846 45
661 787 765 845 tumuli
787 788 965 862 fragrantia!

126 909 219 983 Signo
242 908 456 970 crucisimber'
470 906 560 977 cedit,
660 908 752 981 Aegri
775 911 897 963 currunt
919 913 949 964 et
975 912 1126 974 curantur,

127 993 215 1052 turba
236 993 361 1050 fratrum
383 1009 492 1070 panem
514 991 576 1050 edit
661 994 753 1060 caeci,
777 991 875 1048 claudi
896 998 1074 1066 reparantur

64 1078 105 1138 36
127 1079 326 1142 missumDei
355 1095 485 1137 munere.
504 1109 509 1118 ·
661 1077 805 1136 virtutum
825 1077 1002 1152 frequentia.

127 1197 218 1265 Felix,
240 1214 295 1270 per
317 1213 405 1271 quem
428 1195 538 1273 gaudia
659 1195 780 1253 Laudes
803 1213 875 1270 ergo
897 1197 1050 1253 Dominico

128 1287 193 1338 tota
214 1284 273 1339 iam
296 1282 424 1339 ecclesia
449 1285 453 1294 '
599 1281 640 1339 56
661 1298 860 1368 personemus
880 1283 1001 1338 mirilico

127 1383 247 1424 sumens
271 1367 426 1425 exaltatur.
568 1407 571 1412 -
661 1383 735 1423 voce
758 1367 855 1440 plena.

62 1486 71 1504 ⁸
129 1486 239 1542 Orbem
260 1487 356 1560 replet
372 1487 500 1552 semine,
661 1461 766 1542 (ilama
785 1489 892 1558 petens
915 1472 1074 1560 suffragia

52 1571 106 1630 ¹³5
128 1573 158 1627 in
181 1570 332 1628 coelorum
354 1571 471 1646 agmine
662 1572 726 1626 eius
749 1587 878 1644 sequens
901 1573 1039 1646 vestigia,

88 1659 89 1664 ’
129 1653 251 1713 taudem
273 1656 445 1714 collocatur.
661 1651 749 1728 plebs
772 1671 876 1729 egena.

123 1773 210 1840 ¹,Iacet
231 1791 357 1849 granum
382 1774 575 1841 occultatum,
597 1773 637 1832 66
661 1772 722 1830 Sed
741 1780 785 1842 tu,
808 1778 895 1846 pater
915 1775 974 1847 pie,
996 1774 1074 1830 boue
1149 1797 1151 1802 ·

128 1859 210 1916 sidus
232 1860 309 1917 latet
331 1859 547 1936 obumbratum,
661 1864 766 1932 pastor
788 1860 890 1933 gregis
913 1865 947 1938 et
965 1864 1101 1932 patrone,
1125 1901 1129 1910 .

128 1943 182 2024 sed
204 1944 369 2018 plasmator
390 1946 520 2002 omnium
661 1961 750 2017 prece
773 1961 892 2018 semper
914 1943 1019 2018 sedula

64 2063 106 2121 46
129 2064 207 2120 Ossa
228 2062 340 2136 Ioseph
359 2063 517 2136 pullulare,
628 2123 631 2130 .
663 2061 752 2136 Apud
778 2079 879 2132 curam
902 2063 1008 2118 summi
1029 2063 1109 2137 regis

128 2147 211 2206 sidus
232 2149 316 2205 iubet
336 2147 452 2206 radiare
661 2147 796 2205 derelicti
818 2149 899 2204 vices
921 2148 1024 2222 gregis

127 2235 157 2290 in
180 2234 307 2290 salutem
330 2235 470 2309 gentium.
598 2232 639 2292 66
662 2231 836 2290 commenda
858 2249 913 2306 per
935 2232 1064 2292 saecula.

148 2352 238 2408 none
260 2351 309 2411 111.
331 2351 360 2426 p:
383 2344 453 2410 27'1.
486 2351 561 2419 nus.
583 2369 641 2410 von
664 2353 706 2411 sc.
729 2321 819 2409 rerer
841 2369 877 2409 zu
901 2351 1046 2426 salzburg
1068 2351 1130 2410 vn.

64 2435 114 2495 20
138 2435 191 2494 des
218 2437 264 2496 l4.
285 2435 400 2504 Jahrb.)
669 2457 672 2464 ¹
759 2471 761 2478 .

150 2689 219 2750 806.
245 2682 341 2766 [Περὶ
371 2701 492 2768 nepum
518 2682 704 2750 immortali
724 2677 860 2768 Nostri
885 2683 979 2768 recia
991 2681 1038 2751 in
1059 2699 1132 2748 uu·

66 2767 487 2845 tali.ues.0swc1d0.]

26 3107 35 3123 ,
150 3049 221 3108 3⁰7
246 3037 402 3119 [Christe
423 3041 474 3107 tui
493 3041 695 3126 praeclari
694 3039 809 3106 militia
838 3037 1045 3136 chceelai
1089 3047 1133 3105 De
1179 3055 1183 3064 ·

65 3132 95 3198 S.
116 3131 362 3201 Weuoeslao.]

88 3255 114 3308 l
139 3253 266 3323 Christe,
289 3253 331 3308 tui
354 3237 500 3325 praeclari
516 3253 615 3310 militis
631 3253 799 3310 Wenceslai
813 3254 946 3311 colentes
961 3235 1135 3310 solemmnia

267 3336 440 3394 adiuvemur
462 3343 514 3404 tua
537 3355 654 3411 semper
676 3340 810 3414 gratia3

84 3421 113 3482 2.
126 3415 173 3479 Ut
161 3423 263 3492 teins
283 3423 418 3496 exemplo
442 3424 580 3480 continue
603 3423 785 3498 inhaerendo
808 3440 923 3483 morum
945 3427 1036 3496 atque
1054 3424 1150 3508 vitae.

266 3507 438 3588 placeamus
461 3508 604 3580 puritate:

85 3591 113 3650 3.
136 3592 190 3650 Hic
215 3609 346 3650 summus
369 3591 514 3648 ecclesiae
538 3591 635 3666 gentis
665 3565 826 3648 Bohemiae
860 3590 993 3664 martyrii
1022 3588 1136 3664 fulgida
1204 3605 1210 3620 ·

267 3675 359 3738 donat
347 3681 395 3732 tur
416 3677 520 3752 gratia.

83 3757 112 3849 4
135 3759 211 3818 Dum
234 3763 410 3914 661211ξὲ6ῑίιὲ
432 3759 501 3830 tibi,
534 3761 669 3828 Christe,
700 3761 800 3834 pergit
822 3759 998 3844 obsequium
1020 3758 1136 3836 solvere

85 3929 113 3986 6.
136 3929 223 3991 Illum
246 3948 423 4007 germanus,
454 3932 539 3988 bonis
563 3933 626 3987 eius
649 3927 785 3988 invidens
808 3929 941 3998 actibus,
972 3929 1140 4012 prostrauit·

126 4069 129 4074 .
265 4015 404 4090 pallidus.

41 4095 111 4157 ’6.
135 4095 230 4170 Quer'n
252 4103 387 4176 protinus
411 4103 527 4158 carneis
551 4101 680 4164 solutum
703 4099 839 4158 vinculis·
852 4101 969 4158 coronis
991 4101 1185 4200 victoriae

266 4186 412 4244 decorans
426 4184 525 4245 hodie.

86 4267 127 4326 7.
138 4265 214 4328 Nam
236 4271 313 4328 inter
334 4272 435 4344 plures
458 4272 609 4328 coelorum
631 4271 810 4339 mansiones,
833 4287 908 4356 quas
921 4269 1057 4344 primitus
1073 4285 1136 4327 cre-

268 4354 345 4412 dulis
367 4357 481 4431 parasti
502 4356 632 4431 populis,
703 4412 706 4421 .
