2732 5026
220 608 320 660 stum
341 617 437 658 nuno
461 597 623 666 celebre,
654 597 818 656 Aeterns
841 597 941 657 coeli
970 585 1109 672 gloria,
1140 599 1290 673 etHym·

219 705 301 746 num
321 703 505 746 canamus:
528 689 560 742 et
574 683 798 752 Ambrosianus,
823 666 984 758 Optatrls
1006 685 1117 742 rotis.
1158 685 1205 742 De
1221 684 1291 757 San·
1364 691 1365 732 l

220 780 269 832 cto
293 773 420 848 Spiritu,
450 771 543 830 Veni
566 775 733 828 creator:
770 769 804 827 In
827 769 998 836 Nocturna,
1028 768 1101 826 Iam
1123 769 1290 828 Christus
1364 821 1365 826 ,

219 863 336 916 astra:
375 859 426 932 qui
449 861 496 914 est
517 855 742 914 Ambrosianus.
765 854 819 910 ¹In
841 853 1004 922 Laudibus,
1040 855 1156 912 Beata
1177 856 1290 914 nobis.

218 945 264 1002 De
286 943 397 1001 Sancta
413 943 556 1000 Trinitate
572 940 611 998 ad
625 942 785 1016 vesperas,
809 940 834 998 Ο
857 941 916 998 lux
936 940 1056 998 beata:
1078 941 1113 998 In
1127 941 1290 1009 Nocturna,

219 1029 271 1088 Tu
291 1029 470 1086 Trinitas:
494 1027 528 1084 In
542 1020 706 1095 Laudibus,
731 1027 800 1084 Om.
824 1027 929 1084 Deus.
965 1026 1010 1082 De
1024 1025 1190 1107 Nativitatc
1206 1026 1291 1084 Ioan-

219 1117 275 1183 nis,
298 1115 345 1171 Ut
367 1117 505 1188 queant
527 1113 633 1170 laxis:
658 1115 710 1189 qui
725 1117 772 1168 ast
787 1113 929 1186 prolixus,
953 1116 984 1168 at
1006 1109 1098 1170 dividi
1112 1117 1217 1186 potest
1241 1129 1292 1186 per

219 1201 405 1258 Nocturnum
427 1204 458 1256 et
479 1197 608 1256 Laudes.
653 1198 687 1256 In
709 1197 906 1256 Ambrosiano
929 1202 992 1264 est,
1023 1197 1116 1254 Almi
1136 1198 1293 1272 prophe·

159 1338 163 1352 „
219 1292 287 1344 tae.
323 1285 368 1342 De
384 1284 539 1358 Apostolis
555 1282 655 1351 Petro,
677 1283 800 1342 Aurea
821 1283 918 1342 lucc:
942 1287 973 1340 ct
987 1283 1125 1358 hymnus,
1148 1283 1293 1342 Festum

219 1387 286 1446 per
308 1387 440 1428 omnes.
485 1369 528 1426 Ex
551 1369 659 1444 quibus
681 1369 813 1426 Minores
836 1369 950 1444 aliquot
972 1385 1078 1426 versus
1100 1367 1226 1437 habent,
1250 1386 1293 1426 re·

219 1457 309 1532 liquis
331 1457 485 1514 resecatis.
530 1453 585 1512 Est
606 1455 830 1524 Ambrosianus,
853 1455 1127 1528 Apostolorum
1155 1456 1292 1529 passio.

101 1589 106 1605 .
219 1543 264 1600 Dc
287 1547 391 1599 sancto
413 1541 574 1600 Laurentio
599 1546 667 1598 sunt
688 1541 801 1614 plures,
831 1539 878 1596 En
900 1542 1086 1613 martyris:
1117 1540 1293 1614 Martyris

220 1629 372 1696 Christi,
387 1629 438 1704 qui
453 1619 633 1700 Sapphicus,
645 1630 676 1682 et
690 1625 905 1684 Ambrosianus
922 1625 1143 1700 Apostolorum.
1175 1627 1224 1684 De
1241 1626 1295 1684 As

220 1715 398 1788 sumptione,
423 1712 448 1768 0
471 1729 577 1787 quam
600 1713 787 1790 glorifica:
812 1716 845 1768 ot
865 1710 991 1768 Gaude
1013 1711 1237 1769 visceribus.
1259 1711 1295 1768 Et

219 1817 274 1874 pro
289 1797 434 1876 quolibet
462 1788 610 1856 sesto'ad
639 1799 799 1872 vesperas,
837 1797 912 1856 Ave
942 1798 1052 1855 maris
1076 1797 1206 1854 stella:
1235 1795 1295 1855 Ad

219 1885 413 1950 Nocturnum,
437 1881 550 1952 Quem
572 1887 693 1962 terra:
718 1887 749 1940 et
764 1881 803 1940 ad
820 1881 940 1940 Laudes
957 1884 1021 1940 eius
1035 1884 1143 1956 portio,
1169 1883 1195 1939 O
1223 1883 1296 1958 glo·

218 1971 331 2028 riosa:
356 1975 386 2026 et
408 1969 634 2034 Ambrosianus,
663 1967 881 2042 Mystcrium
909 1968 1073 2026 Ecclesiae.
1118 1968 1170 2026 Do
1187 1973 1295 2046 sancto

219 2054 368 2114 Michacle
391 2053 431 2112 ad
452 2056 602 2129 vesperas
626 2058 657 2110 et
677 2053 807 2120 Laudes,
831 2053 977 2112 Christe
1002 2059 1234 2113 sanctorumr
1264 2054 1295 2110 In

219 2141 384 2208 Nocturna,
406 2140 489 2198 Tibi
512 2140 675 2199 Christe:
706 2144 738 2196 et
759 2138 992 2216 Ambrosianus,
1021 2139 1294 2213 Mysteriorum.

173 2287 175 2290 ,
219 2227 264 2286 De
288 2231 392 2284 sancto
408 2226 537 2284 Martius
552 2225 666 2282 locales
688 2225 791 2298 plures
806 2220 934 2291 habetis,
959 2223 1174 2282 Ambrosianus
1189 2225 1296 2293 habet,

219 2312 388 2371 Bellator
410 2312 530 2370 armis.
573 2310 607 2368 Iu
629 2309 824 2368 Dedicationa
846 2309 1000 2368 Ecclesiae
1023 2312 1224 2368 communiter
1246 2311 1297 2366 ha·

219 2399 318 2466 betur,
340 2397 437 2454 Urbs
459 2396 583 2454 beata:
613 2397 664 2470 qui
686 2395 777 2454 dividi
798 2399 908 2474 potest.
953 2394 1169 2455 Ambrosianus
1185 2393 1296 2465 'habet
1357 2444 1359 2446 .

221 2483 375 2542 Christe
398 2487 621 2540 cunctorum.
658 2481 703 2540 De
719 2481 874 2556 Apostolis
889 2479 930 2538 ad
944 2481 1103 2556 vesperas,
1123 2480 1296 2540 Exultat:

220 2569 257 2628 In
278 2569 441 2636 Nocturna,
464 2567 629 2626 Aeterna
652 2566 794 2624 Christi
809 2583 968 2624 muner-a:
991 2569 1043 2641 qui
1058 2566 1298 2629 estAmbrosia-

220 2672 276 2714 uus
299 2655 448 2728 prolixus,
481 2658 512 2712 et
533 2653 666 2710 Romano
696 2670 778 2712 more
808 2654 918 2726 partim
947 2654 1063 2726 capitur
1084 2654 1114 2710 in
1135 2652 1296 2710 Nocturno

219 2741 450 2815 Apostolorum,
480 2741 588 2814 partim
617 2739 647 2796 in
669 2738 821 2796 Nocturna
851 2738 1025 2812 Martyrum.
1068 2738 1112 2794 De
1134 2737 1298 2812 Apostolis

220 2825 259 2884 ad
281 2823 410 2894 Laudes,
435 2825 527 2882 Ortu
547 2823 691 2898 phoebi.
728 2825 772 2882 De
794 2841 853 2883 uno
869 2824 1003 2898 Martyre
1026 2822 1065 2881 ad
1085 2824 1246 2898 Vesper-as
1269 2829 1299 2882 et

137 2907 138 2917 ’
219 2911 349 2980 Laudes,
370 2911 513 2984 Martyr
535 2911 612 2968 Dei:
636 2909 847 2985 lnNocturno,
871 2909 967 2966 Deus
990 2915 1151 2966 tuorum:
1178 2911 1299 2984 quiesi

219 2997 443 3056 Ambrosianus.
483 2995 542 3052 Sed
557 2995 597 3052 ibi
619 2995 760 3069 prolixior
774 2994 841 3053 aliis
855 2995 965 3067 placet,
987 2993 1129 3052 hosduos
1154 3001 1299 3054 econtra

220 3082 287 3140 dici.
324 3083 369 3154 Dc
392 3081 574 3154 Martyribus
597 3079 636 3138 ad
650 3081 811 3154 vesperas,
835 3079 1054 3138 Sanctorum
1075 3081 1240 3138 meritis:
1262 3081 1299 3138 -In

219 3169 383 3234 Nocturna,
405 3171 444 3224 ut
467 3183 589 3240 supra:
612 3167 643 3222 in
663 3165 923 3241 Laudibus-Rex
945 3166 1117 3240 gloriose.
1164 3166 1213 3223 De
1238 3185 1298 3224 uno

221 3253 409 3320 Confessore,
432 3251 730 3310 Isteconfessor.
774 3251 850 3308 Sunt
872 3251 921 3309 alii
944 3250 1019 3320 duo,
1048 3251 1131 3308 Iesu
1154 3251 1300 3310 redem-

219 3343 304 3414 ptor
327 3339 496 3411 omnium:
519 3337 603 3394 Iesu
622 3353 756 3394 corona
772 3337 988 3412 celsiorrqui
1002 3332 1299 3396 c'stAmbrosianus.

219 3427 264 3484 De
286 3441 346 3482 una
368 3425 490 3499 Virgine
512 3422 551 3480 ad
573 3424 723 3498 vesperas
747 3427 777 3479 et
798 3421 928 3489 Laudes,
952 3422 1037 3480 Iesu
1067 3439 1205 3491 corona
1230 3425 1300 3482 vir-

123 3537 125 3544 >
219 3513 355 3587 girum:
380 3511 431 3585 qui
454 3513 501 3566 est
522 3509 746 3576 Ambrosianus,
769 3507 804 3564 In
826 3508 988 3575 Nocturna
1019 3509 1187 3582 Virginis
1211 3527 1301 3584 pro·

218 3597 283 3654 lcs.
321 3596 432 3654 Omnes
448 3600 548 3652 autern
570 3593 716 3669 praedicti
730 3593 842 3666 hymni,
865 3597 896 3650 et
918 3592 1016 3652 adhuc
1038 3595 1141 3668 plnres
1164 3594 1230 3663 alii,
1255 3612 1303 3654 re·

219 3685 375 3757 pariuntur
396 3681 509 3738 Romae
539 3682 569 3736 in
597 3681 761 3754 hymnariis
791 3680 920 3756 antiquis
950 3684 982 3736 et
1011 3677 1103 3754 aliqui
1131 3681 1163 3736 in
1185 3679 1301 3738 Officio

218 3769 430 3825 Ambrosiano:
467 3767 638 3829 Necessarii
668 3770 768 3822 autem
796 3765 899 3838 hymni
928 3770 959 3822 et
987 3764 1152 3824 authentici
1174 3765 1302 3825 admitti

220 3853 338 3910 debant.
383 3853 423 3908 Et
443 3842 578 3910 securius
602 3851 641 3908 da¹
663 3851 810 3908 communi
832 3849 1040 3918 cantabuntur,
1065 3865 1155 3927 quam
1175 3850 1301 3908 locales
1365 3846 1366 3851 ’

220 3943 252 3999 et
273 3937 438 4014 apocryphi
460 3934 662 3996 admittantur.

653 4151 847 4162 m
