2732 5026
725 433 789 508 1⁵12

285 616 441 697 Epidando
462 616 596 676 resolute
618 633 666 674 me
688 615 824 675 nefandis
846 617 939 694 pollui

286 706 467 787 deceptoriis
490 708 521 760 et
541 701 659 760 blandis
683 719 792 778 corpus
814 721 913 762 meum
936 701 1070 762 subdidi:

225 794 262 854 15
427 791 569 846 miserere
591 790 649 846 mei
670 789 819 864 piissime!

285 914 355 970 Feci
377 911 487 968 malum
508 909 577 983 plus
600 925 691 984 quem
712 926 814 966 omnes
837 910 972 968 viventes
994 911 1025 966 in
1048 909 1180 995 saeculo,

285 997 365 1056 unde
387 1004 471 1055 tuum
494 993 620 1068 supplex
641 1011 735 1068 posco
757 996 816 1052 iam
836 995 920 1052 Deus
942 995 1098 1052 auxilium:

426 1081 463 1138 ab
485 1080 609 1148 inferno,
633 1079 762 1148 Christe,
785 1097 850 1140 nos.
863 1075 971 1138 libera!

285 1203 453 1261 Gloriosam
474 1201 662 1258 maiestatem
684 1203 715 1256 et
736 1204 819 1258 tuam
840 1199 1006 1274 potentiam

222 1289 263 1350 20
286 1286 466 1356 collaudant,
490 1284 617 1342 adorant
638 1287 746 1354 cuncti,
770 1302 860 1360 quam
882 1290 1013 1344 tremunt
1035 1285 1224 1362 archangeli:

425 1373 599 1448 poenitenti,
623 1369 751 1439 Christe,
775 1369 814 1428 da
835 1373 967 1430 veniam!

285 1493 368 1551 llaec
392 1497 439 1550 est
461 1507 515 1548 ura
537 1489 623 1558 (viai)
646 1507 714 1548 nem
738 1491 843 1548 salutis
866 1495 897 1548 tc
916 1491 1013 1548 Deum
1035 1509 1228 1567 cognoscere,

285 1585 315 1637 te
337 1597 392 1654 pro
415 1577 501 1634 malis
525 1592 646 1634 exorere
669 1593 911 1654 unumquemque
932 1577 1077 1652 propriis:
1111 1617 1112 1620 ,

328 1715 334 1725 .
424 1664 567 1720 miserere
589 1663 648 1720 mei
669 1663 818 1736 piissime!

131 1776 134 1792 '
223 1785 263 1845 25
285 1785 386 1842 iustus
402 1799 443 1866 'es
465 1781 554 1839 iudex
576 1787 607 1839 et
628 1783 696 1856 pius
720 1785 750 1838 et
772 1781 1066 1850 rectumiudioium;

285 1872 318 1928 in'
337 1871 437 1926 furore
460 1873 521 1936 tuo,
544 1883 660 1942 precor,
684 1884 721 1923 ne
744 1885 801 1935 me,
824 1867 915 1936 Deus,
938 1885 1065 1944 arguas:

426 1953 463 2011 ab
484 1954 609 2036 inferno,
633 1951 761 2021 Christe,
785 1970 840 2010 nos
862 1953 971 2010 libera!
1003 1961 1006 1968 '

284 2076 363 2134 Karo
386 2076 482 2132 omnis
504 2071 543 2130 ad
565 2047 687 2129 examen
709 2074 810 2131 veniet
831 2072 972 2141 terribile,

285 2162 336 2220 ubi
358 2161 429 2220 iusti
453 2156 629 2217 exultabunt
649 2163 680 2215 et
702 2157 878 2215 moerebunt
899 2159 989 2234 impii.

221 2247 263 2308 30
428 2246 601 2320 poenitenti,
626 2243 754 2312 Christe,
778 2243 971 2302 deveniam!

283 2383 382 2442 Luctu
404 2382 493 2457 plena
515 2379 579 2437 dies
602 2380 653 2438 illa
677 2385 708 2437 et
730 2396 832 2436 amara
853 2381 1005 2456 reprobis!

285 2467 350 2526 dies
371 2469 443 2536 irae,
468 2466 531 2524 dies
553 2463 613 2534 ills,
638 2465 701 2523 dies
727 2470 758 2523 et
780 2466 931 2542 caliginis!

424 2553 655 2620 misereremei,
678 2551 826 2626 piissime!

134 2761 138 2770 ,
284 2691 404 2749 Moeror
427 2691 526 2766 gravis
549 2687 714 2746 homicidas
738 2693 768 2744 et
789 2693 936 2763 raptores,
959 2691 1106 2762 periuros,

222 2777 262 2837 35
286 2776 421 2836 ebriosos
445 2773 536 2852 atque
558 2775 664 2830 molles
688 2773 847 2847 occupabit
868 2775 995 2848 pariter:

425 2860 462 2917 ab
485 2861 608 2928 inferno,
633 2858 760 2928 Christe,
784 2876 839 2916 nos
861 2859 970 2916 libera!
1030 2889 1031 2892 κ

171 2993 190 3053 “.
284 2998 351 3056 Non
375 2997 496 3072 superbi
518 3013 554 3054 ac
578 2961 744 3062 discordes,
767 2995 872 3064 odiosi,
895 2995 1010 3064 lubrici,
1352 3041 1354 3076 ,

286 3081 472 3140 detractores
489 3087 520 3138 et
534 3081 697 3138 manduces
714 3080 735 3149 (l
757 3079 929 3149 mendaces)
945 3081 1023 3139 diem
1037 3081 1115 3140 hanc
1133 3083 1282 3160 effugient:
1352 3091 1354 3120 i

422 3169 597 3242 poenitenti,
622 3166 749 3235 Christe,
773 3166 811 3224 da
833 3169 958 3226 veniam.

221 3305 264 3364 to
287 3301 498 3379 Obstupebunt
527 3309 559 3362 et
587 3309 776 3362 marcescent
798 3303 827 3371 (l.
851 3303 1048 3374 marcescent)
1057 3303 1082 3372 ῗ)
1105 3324 1207 3376 ornnes
1229 3305 1285 3363 illic
1352 3269 1354 3326 ⁴

285 3474 487 3534 concremabit
509 3481 540 3532 et
561 3491 668 3533 avaros
691 3474 780 3530 ultrix
801 3474 919 3532 flamma
942 3391 1087 3549 diffide
1352 3407 1354 3484 Ι

302 3599 311 3605 -
424 3562 565 3618 miserere
588 3562 654 3628 mei,
677 3561 825 3636 piissime!

284 3697 403 3754 Plectet
424 3698 502 3772 ignis
525 3695 616 3756 duros
640 3694 730 3753 corde
753 3702 784 3753 et
806 3701 970 3770 tempestas
991 3697 1107 3767 valida3

285 3784 355 3840 iusti
378 3787 479 3839 autem
499 3781 691 3840 laetabuntur
713 3799 813 3838 coram
836 3800 950 3840 summo
972 3783 1085 3842 iudice:

220 3867 261 3928 45
336 3943 344 3958 .
429 3868 466 3924 ab
489 3869 612 3935 inferno,
637 3865 769 3936 Christe,
793 3885 847 3924 nos
870 3868 977 3926 libera!

284 4004 342 4075 Qui
365 4022 401 4062 ex
423 4009 488 4062 tota
509 4007 608 4060 mente
635 4019 690 4060 sua
712 4002 878 4061 dilexerunt
898 3995 1064 4076 Dominum,
1160 4017 1162 4024 “

283 4088 505 4168 higaudentes
529 4088 755 4164 conregnabunt
776 4089 818 4146 illi
841 4091 1085 4166 inperpetuum:

423 4175 597 4250 poenitenti,
621 4173 749 4242 Christe,
773 4173 964 4232 deveniam!

221 4307 423 4316 -—--—--

289 4374 314 4440 *)
332 4372 395 4441 Ego
414 4384 484 4424 reno
502 4368 567 4456 lego
585 4371 783 4422 mutescent
799 4368 844 4422 rel
863 4370 1114 4424 obmutescent.
