2848 5030
128 665 131 672 .
192 607 317 670 Fraudis
339 608 510 671 haereticae
572 641 575 653 ›
727 609 818 670 Coelo
842 610 916 670 dans
940 612 1075 686 spiritum

126 739 129 746 .
195 697 292 754 victor.
311 695 488 770 prophetice
727 689 925 771 post‘ingens
945 701 1084 756 meritum

129 780 169 840 35
192 781 285 838 multa
306 781 455 854 praedixit
476 782 605 840 mirilico.
724 799 847 856 gregem
870 781 1011 842 defendat
1033 802 1110 846 nunc
1131 802 1203 844 cre·-

211 969 302 1025 Mone
325 969 374 1026 111.
397 987 425 1043 p.
449 969 511 1028 563
534 987 569 1026 ex
591 972 657 1044 ipso
679 969 825 1026 Branderi
845 969 955 1027 Codice
978 987 1013 1028 ac
1030 971 1193 1030 Sacrificali
1217 1004 1225 1008 -

126 1053 333 1110 itinerantium
358 1055 446 1113 1521.

211 1139 251 1198 M.
278 1140 324 1198 13.
348 1141 506 1199 scholae.
540 1141 585 1199 14.
610 1141 761 1222 cutmen.
795 1143 840 1199 18.
864 1141 1110 1200 monachatus.

215 1299 283 1367 1'80.
308 1298 450 1377 [anneo
479 1299 605 1370 Sancti
632 1299 830 1386 Seraphim.
881 1311 914 1370 Β,
944 1301 1102 1372 Notlrcri.
1151 1313 1195 1372 De

127 1393 299 1451 Omnibus
323 1393 484 1463 Sanctis}

171 1509 177 1518 ·
211 1479 267 1536 Est
287 1481 365 1538 inter
387 1480 566 1556 Sequentias
588 1481 719 1540 Notkeri
764 1482 852 1542 Thes.
874 1482 911 1540 11.
933 1501 960 1556 p.
984 1483 1032 1542 26.
1123 1537 1127 1543 ,

216 1652 282 1708 181.
307 1638 508 1728 [Sauromatae
529 1645 654 1710 matria
673 1645 815 1730 ponda.
860 1653 903 1710 Dc
926 1653 988 1712 00.
1013 1651 1074 1722 Stil
1178 1713 1182 1718 ,

123 1789 126 1796 ¹
190 1769 343 1844 Supernae
367 1772 468 1826 matris
492 1771 602 1846 gaudia
660 1773 699 1831 25
723 1772 986 1847 Neclanguorhic,
1002 1776 1191 1840 necsenium‚

189 1861 397 1928 repraesentat
420 1857 556 1923 ecclesia,
722 1859 1191 1926 neesraus,necterrorhostium
1277 1891 1281 1902 ι

190 1939 260 1996 dum
282 1942 360 1996 festa
383 1939 454 1997 colit
476 1959 589 2018 annuae
725 1941 859 1999 seduna
882 1961 939 1999 vox
960 1944 1134 2000 laetantium

88 2057 92 2068 ·
190 2027 322 2100 suspirat
344 2025 382 2082 ad
405 2032 559 2102 perpetua.
726 2034 756 2084 et
778 2045 854 2084 unus
878 2027 967 2084 ardor
989 2028 1130 2088 cordium.

145 2145 165 2204 5
188 2145 222 2202 ln
244 2145 302 2202 hac
325 2145 403 2204 valle
425 2148 565 2227 miseriae
723 2148 787 2204 Illic
811 2149 891 2206 cives
914 2148 1041 2224 angelici

188 2237 284 2288 maten
307 2234 463 2288 succurrat
483 2233 573 2302 filiae,
661 2233 702 2292 30
725 2232 779 2290 sub
802 2234 949 2290 ierarchia
969 2234 1078 2308 triplici

119 2368 124 2374 .
188 2317 257 2374 hinc
281 2318 430 2374 coelestes
453 2318 595 2376 excubiae
724 2321 819 2376 trinae
843 2319 976 2393 gaudent
998 2325 1029 2376 et
1051 2320 1176 2394 simplici
1222 2387 1235 2402 ,

190 2402 345 2460 nobiscum
368 2407 449 2460 stent
470 2406 499 2460 in
522 2406 593 2464 acie.
725 2423 757 2460 se
779 2404 969 2462 monarchiae
993 2405 1104 2464 subiici.

189 2521 330 2589 Mundus,
355 2540 435 2589 caro,
460 2521 618 2580 daemonia
726 2525 872 2582 Mirantur
894 2541 949 2580 nec
967 2511 1114 2582 'deficiunt

125 2606 165 2664 10
188 2606 305 2664 diversa
328 2613 448 2665 movent
469 2609 593 2688 proelio,
722 2610 865 2676 inillam,
889 2627 977 2684 quem
992 2612 1187 2684 prospiciunt,

186 2694 305 2749 incursu
328 2699 373 2749 tot
395 2694 639 2767 phantasmatum
655 2695 696 2753 35
720 2697 858 2752 fruuntur
880 2711 935 2751 nec
958 2693 1121 2763 fastidiunt,
1190 2755 1192 2763 ,

188 2778 323 2834 turbatur
346 2779 444 2835 cordis
467 2779 634 2839 subbatum.
721 2799 780 2856 quo
803 2781 860 2836 frui
883 2781 978 2854 magis
1002 2781 1111 2838 sitiunt.

158 2888 165 2900 ¹
186 2897 257 2954 Dies
280 2900 374 2955 festos
398 2901 536 2974 cognatio
719 2899 783 2958 Illic
805 2905 907 2976 patres
932 2899 1085 2974 dispositi,
1158 2967 1161 2975 ¹

186 2984 273 3039 simul
294 2983 370 3040 haec
394 2975 485 3041 habet
507 2983 584 3054 odio,
720 3004 774 3060 pro
799 2983 943 3060 dignitate
965 2985 1062 3042 meriti

123 3068 162 3126 15
186 3074 341 3143 certatque
364 3071 428 3143 pari
451 3070 571 3127 foedere
720 3077 834 3128 semota
856 3072 915 3127 iam
937 3072 1064 3147 caligine

175 3169 290 3228 ‘pacem
313 3153 350 3211 de
373 3162 453 3211 terra
475 3157 589 3214 toliere.
654 3157 695 3216 lo
717 3159 816 3214 lumen
839 3155 941 3214 vident
962 3159 992 3214 in
1014 3158 1133 3216 lumine.

185 3273 316 3331 Confusa
339 3281 409 3331 sunt
425 3276 478 3336 hic
502 3278 608 3345 omnia,
630 3297 632 3302 ·
716 3275 754 3334 Hi
777 3277 881 3345 sancti,
906 3295 1032 3352 quorum
1054 3277 1143 3335 hodie

185 3375 264 3432 spes,
285 3366 400 3429 metue,
424 3379 555 3430 moeror,
579 3380 652 3438 gau·
716 3367 912 3420 recensentur
938 3364 1101 3432 sollemnia,

425 3447 514 3515 dium,
718 3451 777 3505 iam
798 3448 933 3506 revelata
954 3450 1030 3504 facie

182 3531 230 3586 vix
251 3530 326 3587 hora
348 3533 397 3589 vel
420 3531 540 3590 dimidia
717 3551 820 3608 regem
843 3539 968 3590 cernunt
989 3535 1018 3590 in
1041 3533 1144 3610 gloria.

118 3614 161 3674 20
183 3615 217 3671 fit
239 3617 269 3672 in
292 3615 376 3673 coelo
401 3619 569 3675 silentium..
653 3653 693 3712 45
716 3653 780 3709 mic
802 3654 906 3728 regina
929 3654 1075 3728 virginum

183 3733 279 3804 Quam
301 3738 370 3794 felix
393 3739 444 3794 illa
467 3739 580 3806 civitas,
718 3738 933 3795 transcendens
962 3739 1078 3795 culmen
1108 3739 1186 3798 ordi·

182 3821 211 3878 in
234 3833 295 3896 qua
317 3825 394 3898 iugis
419 3823 612 3892 sollemnitas,
958 3843 1036 3893 num,

182 3912 213 3962 et
235 3925 324 3981 quam
347 3909 475 3966 iocunda
498 3911 588 3976 curia,
719 3915 841 3968 excuset
863 3909 944 3985 apud
967 3909 1115 3967 dominum

183 4009 260 4066 quae
284 4011 372 4051 curae
395 4013 518 4070 prorsus
542 3997 650 4052 nescia.
715 4004 885 4053 nostrorum
904 3997 1007 4070 lapsus
1024 3998 1184 4058 criminum.

420 4115 483 4172 Nos
507 4113 545 4172 ad
568 4120 739 4174 sanctorum
754 4117 879 4190 gloriam

359 4200 400 4258 50
422 4217 476 4275 per
498 4204 631 4276 ipsorum
654 4201 795 4277 suffragia

341 4296 344 4309 ’
420 4296 490 4361 post
512 4293 702 4361 praesentem
724 4289 872 4344 miseriem

420 4371 531 4432 Christi
552 4372 699 4448 perducat
721 4375 826 4451 gratia.
891 4380 893 4388 ’
