2728 5028
299 549 388 607 Moue
410 550 432 606 1.
457 567 486 625 p.
509 551 557 610 84.
582 569 598 608 e
621 549 726 607 charta
751 549 952 626 Friburgenslz
975 549 1018 619 (Fi
1062 551 1157 608 Neale
1179 551 1275 626 Hymni

75 633 85 640 “
178 645 184 662 ²
216 655 244 711 p.
270 637 338 696 194.
370 654 392 712 e
416 636 503 694 Brev.
533 637 670 693 Fratrum
699 637 937 694 Humiliatorum.
962 635 1011 704 (H)
1035 639 1126 694 -1,
1157 637 1194 694 Η.
1222 638 1274 694 ibi.

113 735 121 764 ¹
216 721 299 780 5:1².
322 721 545 779 admiranda.
575 724 603 782 8.
627 723 664 779 H.
688 723 805 778 lumen
827 723 976 798 Moyses
998 724 1120 780 lumen
1144 723 1274 780 clarum.

178 855 180 860 .
217 807 245 866 9.
268 807 300 863 F.
324 827 348 864 z.
372 825 544 884 magnum.
574 809 637 866 ⁸14.
660 809 691 864 F.
716 810 887 883 germine.
1286 825 1292 830 ·

518 1069 662 1138 Novum
684 1073 786 1138 sidus
809 1073 980 1140 exoritur.

404 1175 487 1226 Thes.
505 1171 527 1225 Ι.
545 1173 603 1227 290.
638 1171 682 1226 De
702 1174 963 1242 Transfiguratione
981 1172 1102 1227 Domini.
1197 1171 1202 1176 '
1255 1217 1260 1227 .

278 1303 394 1360 Novum
417 1303 500 1360 sidus
525 1304 655 1359 exoritur
816 1303 1010 1360 Roborantur
1031 1305 1060 1359 in
1084 1304 1158 1370 acie,

280 1389 391 1446 Christi
413 1391 463 1463 pia
486 1389 653 1455 clementia,
756 1388 793 1448 10
816 1391 969 1446 intuentes
993 1385 1189 1464 signaculum,

279 1492 339 1549 quo
361 1475 521 1531 tenebrosa
543 1477 689 1548 premitur
818 1475 1009 1542 desistentes,
1032 1475 1155 1532 militiae

278 1561 387 1616 inimici
410 1561 544 1618 saevitia.
731 1565 733 1570 '
818 1565 852 1616 ut
874 1565 1075 1636 assequantur
1096 1559 1234 1626 bravium,

237 1679 255 1737 5
279 1679 439 1754 Insurgere
463 1697 531 1736 cum
553 1681 657 1736 nititur
818 1679 877 1736 Pro
901 1697 960 1754 quo
985 1697 1018 1736 se
1047 1681 1164 1740 cunctis
1180 1679 1276 1736 ‘obiicit

279 1766 475 1840 malignitatis
499 1767 615 1840 spiritu,
731 1776 735 1785 “
815 1762 948 1822 beatum
961 1767 990 1822 in
1013 1768 1162 1840 mysterio·
1275 1787 1279 1793 ¹

279 1869 314 1908 ex
338 1851 464 1910 adverso
488 1852 638 1908 resistitur
756 1849 792 1908 15
817 1851 963 1920 Christus,
984 1857 1021 1930 ut
1036 1851 1156 1908 tandem
1172 1851 1276 1927 perlicit

278 1939 469 2012 praepotenti
492 1938 632 1992 exercitu.
816 1954 946 2012 regnans
969 1939 999 1994 in
1022 1938 1098 1994 coeli
1118 1937 1200 1994 solio.

519 2055 622 2114 Gloria
643 2055 705 2123 tibi,
730 2053 873 2128 domine,¹

520 2145 658 2216 potestas
682 2145 712 2197 et
734 2141 901 2215 imperium,
939 2153 964 2212 sp
1021 2166 1027 2175 ·

520 2228 571 2302 qui
594 2226 777 2286 certantibus
800 2227 889 2302 hagie
932 2252 938 2260 ·

369 2315 372 2324 '
454 2313 494 2371 20
518 2317 621 2387 aperte
644 2317 793 2400 monstras
815 2314 988 2388 praemium.

216 2384 231 2444 y'
298 2433 389 2490 Mene
412 2431 434 2488 Ι.
458 2451 487 2506 p.
507 2433 557 2492 83.
583 2450 599 2489 e
622 2431 726 2490 codice
742 2431 956 2490 confluentino.
981 2430 1026 2500 (0)
1063 2393 1167 2490 Nealei
1178 2431 1273 2506 Hymni

213 2538 242 2592 p.
268 2517 335 2578 197.
360 2537 377 2578 e
399 2519 485 2576 Brev.
509 2519 646 2576 Fratrum
667 2511 904 2576 Humiliatorum.
927 2516 975 2586 (H)
997 2546 1041 2556 -
1066 2519 1112 2576 11.
1128 2518 1163 2576 Η.
1185 2517 1272 2574 desu-

177 2615 182 2622 ·
216 2601 454 2662 dantessMo.
486 2603 737 2661 decertantes
785 2606 832 2664 12.
856 2605 893 2662 H.
925 2609 964 2662 ut
985 2601 1148 2663 bravium
1176 2603 1272 2661 corri-
1301 2594 1308 2609 ⁸

214 2690 327 2781 piant.
376 2691 423 2750 13.
448 2690 479 2747 O.
503 2690 693 2747 obiiciunt.

525 2949 622 3020 Oceli
643 2955 738 3021 cives
762 2953 978 3041 applaudite.
1058 3006 1067 3024 .

471 3055 555 3108 Thes.
573 3055 594 3108 1.
611 3073 640 3123 p.
663 3057 721 3112 293.
756 3055 801 3141 De
820 3055 847 3109 S.
865 3055 1033 3123 Augustino.

279 3184 363 3242 Coeli
387 3185 468 3242 cives
491 3184 675 3260 applaudite,
817 3185 905 3256 Quod
927 3187 1030 3262 lingua
1044 3187 1117 3244 foris
1132 3187 1266 3262 personat,

278 3275 309 3328 et
331 3287 385 3330 vos
406 3271 526 3336 Fratres
550 3273 707 3341 concinite,
756 3272 793 3330 10
815 3274 896 3329 intus
916 3273 1045 3330 affectus
1065 3274 1186 3340 sentiat,
1296 3293 1299 3299 ¹

276 3356 376 3431 Patris
398 3358 493 3414 nostri
517 3357 661 3414 solemnia
816 3375 872 3414 nee
895 3357 1003 3414 imitari
1025 3360 1130 3434 pigeat

82 3497 86 3503 .
121 3487 126 3494 -
176 3515 184 3520 -
277 3443 345 3500 anni
367 3440 485 3500 reduxit
508 3441 612 3499 orbita.
814 3440 1264 3518 quodlaudaremensapprobat.

234 3563 252 3622 5
275 3563 351 3620 Hinc
375 3580 447 3638 ergo
462 3562 571 3637 psalmi
592 3567 744 3630 resonent,
811 3563 897 3620 Hunc
919 3568 991 3638 post
1013 3563 1116 3622 mundi
1138 3559 1256 3640 pericula

245 3721 248 3728 Ι
274 3648 344 3706 hinc
366 3649 512 3706 lectiones
536 3653 727 3722 concrepent,
816 3649 892 3705 coeli
915 3652 1051 3724 suscepit
1071 3653 1161 3718 ouria,

277 3739 308 3792 et
329 3735 507 3808 hymnorum
530 3733 686 3802 dulcisona
754 3733 791 3792 15
815 3751 905 3809 quem
928 3753 995 3792 cum
1018 3738 1113 3795 serris
1134 3732 1254 3793 fidelibus

275 3820 510 3893 multiplicentur
532 3821 657 3876 cantica.
814 3821 873 3876 iarn
896 3823 1050 3882 coronavit
1071 3823 1216 3880 Dominus.

519 3940 668 3997 Conemur
690 3932 763 3995 totis
786 3938 907 4010 viribus,

393 4065 400 4074 .
493 4099 498 4107 .
517 4025 675 4102 iungamus
698 4042 805 4098 preces
827 4025 977 4100 precibus,

518 4117 553 4186 ut
575 4111 735 4186 Augustini
757 4103 870 4168 meritis

451 4193 492 4255 20
515 4197 591 4254 coeli
613 4197 745 4258 fruamur
768 4195 894 4272 gaudiis.

519 4315 707 4388 Quaesumus
730 4321 836 4376 auctor
858 4317 988 4376 oinuium
1010 4303 1068 4376 etc.
