2848 5030
732 462 774 536 54

241 651 270 712 6.
292 649 330 708 Et
317 603 464 725 tleges
459 649 522 705 eins
545 647 694 706 mentibus
718 653 839 723 captent
860 625 1049 736 promptulis,

230 739 235 744 ’
242 735 376 806 6.·6666
398 730 542 791 derelicto
510 735 678 808 tpopulo
701 731 814 810 delegit
801 729 956 802 tludaeo,
962 726 1017 792 de
1039 729 1182 792 Abrahae
1205 753 1295 793 earne
1413 795 1414 800 ,

426 819 537 894 genito,

243 907 271 967 6.
293 905 331 964 116
352 903 519 980 perfidem
541 921 617 979 quos
634 903 775 962 Abrahae
797 909 883 962 natos
906 881 1191 980 secitetetcognatos
1206 922 1294 964 suum

425 994 560 1048 sanctum
581 1007 636 1065 per
651 991 835 1064 sanguinem.
922 1052 927 1058 ,

242 1076 271 1136 7.
295 1075 320 1132 0
344 1075 471 1142 Christe,
495 1076 715 1150 consanguinee
738 1079 861 1132 naturae
884 1092 939 1132 666
941 1079 1014 1142 tra‚e
1037 1092 1092 1131 nos
1115 1043 1199 1133 sorel
1263 1143 1267 1148 ¹

243 1163 271 1220 8.
295 1159 396 1236 Atque
418 1177 473 1234 666
495 1159 625 1218 dlvinam
647 1161 812 1234 potentiam
835 1165 919 1217 tuere
942 1161 980 1217 ab
1004 1161 1083 1216 omni
1104 1161 1226 1218 incursu
1241 1159 1296 1216 ini·

425 1247 493 1302 mici
516 1250 546 1302 et
568 1235 692 1312 insidiis,

243 1331 271 1390 9.
294 1330 390 1402 Quem
411 1347 466 1404 per
488 1333 584 1388 carnis
607 1329 737 1388 edulium
759 1329 894 1388 delusisti
916 1331 1006 1388 hamo
1029 1336 1099 1388 tuae
1119 1331 1294 1398 maiestatis,

424 1415 466 1474 fili
487 1415 551 1474 1166

119 1565 122 1571 ,
225 1501 271 1560 16.
294 1499 339 1558 Τ6
361 1517 522 1576 resurgens
545 1503 696 1576 imperitas
719 1519 778 1558 non
800 1503 961 1560 moriturus
985 1501 1120 1576 amplius.

224 1587 271 1645 11.
293 1585 339 1642 Tu
361 1587 517 1644 mortalem
545 1593 678 1644 nostram
708 1591 738 1644 et
760 1591 887 1644 terream
908 1592 1045 1644 naturam
1067 1602 1229 1662 resurgens
1250 1569 1294 1643 66-

425 1673 626 1746 corruptivam
647 1673 799 1730 66616666
723 1677 859 1749 666666
882 1671 973 1730 666116
995 1673 1257 1732 invexisti..

305 1823 819 1900 666666666666666666116616666
843 1825 950 1883 Penius
973 1825 992 1882 l.
1017 1842 1042 1882 6.
1066 1842 1096 1899 6.
1120 1823 1169 1884 26.
1204 1821 1295 1881 Mene

220 1909 244 1967 1.
267 1911 343 1970 213:
394 1911 424 1967 V.
450 1907 479 1966 6.
503 1905 661 1987 spectatum
693 1913 747 1984 fiir
773 1918 981 1988 exspectatam.
1009 1910 1085 1968 .Des
1113 1911 1295 1969 Versmosscs

221 2013 321 2072 wcpen
346 1997 543 2071 pebraaclttea
573 1997 620 2053 dic
646 1995 766 2053 Dichter
794 1999 907 2054 solclcer
936 1997 1105 2070 chacazcn
1136 1995 1297 2052 moaohmal

221 2081 274 2139 dua
296 2083 430 2154 cinfaclcc
454 2083 592 2138 Zettrvort
611 2081 664 2154 fiir
685 2081 738 2138 dos
764 2083 964 2158 Conpositum,
998 2083 1052 2138 mic
1074 2081 1147 2138 6666
1169 2081 1295 2141 666111·

221 2169 340 2224 muattio
362 2167 436 2224 otae
458 2167 561 2224 deseca
584 2167 766 2242 Bedcutunp‚
789 2171 843 2224 acic
864 2165 902 2224 666
930 2168 1026 2225 1410.
1045 2168 1222 2243 promptulis
1242 2167 1295 2240 fiir

216 2254 369 2330 promptis.
414 2250 529 2310 Ebeoso
555 2253 634 2310 steht
663 2253 693 2308 V.
718 2252 767 2309 32.
791 2255 939 2328 imperitos
965 2255 1018 2326 fiir
1045 2255 1183 2328 imperas,
1221 2252 1295 2309 6666

220 2337 273 2395 dot
294 2337 485 2412 Porticipium
505 2337 558 2411 fiir
580 2337 632 2394 das
655 2344 764 2413 tempus
785 2340 908 2411 finitam,
932 2355 992 2395 ovas
1004 2337 1114 2412 jedock
1135 2337 1297 2394 6666666661

218 2457 439 2530 66666666
461 2459 509 2525 at,
533 2474 557 2512 2.
582 2459 617 2514 6.
640 2438 692 2514 cis
716 2458 755 2522 (a
782 2459 801 2516 a.
825 2456 909 2521 cans)
929 2459 983 2532 fur
1005 2457 1065 2514 66.
1141 2455 1144 2461 ·

275 2605 277 2614 =
302 2576 434 2634 Titulum
464 2577 611 2651 explicare
640 2594 775 2652 nequeo,
813 2578 869 2634 nisi
898 2575 976 2634 forte
1005 2575 1165 2652 legendum
1189 2575 1294 2635 Deus

219 2668 313 2722 tres.
357 2661 613 2720 Commemoratur
635 2663 665 2720 66
680 2663 816 2736 Epistola
837 2663 929 2720 seriae
953 2667 1078 2737 quartae
1100 2661 1182 2720 Deus
1196 2661 1292 2720 Abra-

112 2755 114 2763 ‘
218 2749 288 2804 ham
311 2753 341 2805 et
362 2742 444 2805 Deus
468 2747 551 2806 Isaac
575 2753 606 2805 et
626 2748 707 2804 Deus
737 2747 1054 2814 1666666616666
1084 2752 1122 2804 et
1144 2752 1228 2805 tres
1250 2763 1291 2805 sc.

218 2833 416 2908 patriarchae.

658 2975 857 2987 Ἣ

303 3139 353 3198 63.
394 3127 616 3211 1166666666
660 3129 930 3216 triumphantem
974 3125 1162 3199 Uiriatum.
1206 3140 1294 3202 rena
1413 3167 1414 3204 t

218 3227 324 3304 quinta
344 3224 569 3283 Paschatis.
613 3224 646 3284 B.
671 3223 856 3292 Notkeri,
880 3224 974 3282 tituli:
997 3217 1185 3296 Romana]
1249 3281 1253 3286 .

241 3381 266 3440 1.
288 3378 461 3438 Laudantes
484 3379 717 3453 triumphantem
739 3377 890 3436 Christum
910 3395 1079 3454 pangamus
1101 3379 1258 3454 hymnum

222 3465 265 3526 ⁴2.
289 3464 347 3535 Qui
368 3463 471 3522 mundi
495 3465 631 3538 principe
654 3463 773 3522 devicto
797 3457 975 3523 6666111666
999 3464 1088 3521 solvit
1110 3481 1129 3522 a
1150 3465 1257 3523 vinclo.

235 3551 263 3612 8.
287 3549 479 3624 Quapropter
492 3568 560 3607 cum
570 3549 689 3623 pridem
702 3551 792 3606 mutis
806 3565 948 3608 resonare
963 3567 1041 3606 6666
1056 3547 1145 3606 decet
1157 3551 1288 3626 organis,

236 3637 264 3696 le.
287 3636 325 3694 Et
346 3634 469 3692 laudum
492 3639 640 3692 concentu
664 3634 755 3710 digno
779 3651 936 3690 occurrere
959 3637 1094 3709 surgenti
1117 3634 1246 3702 domino,

237 3721 265 3781 5.
288 3719 346 3789 Qui
360 3725 454 3782 morte
471 3721 550 3776 vieta
566 3718 644 3776 diem
658 3720 737 3776 huno
753 3721 871 3779 ornavit
881 3719 1004 3794 gloriosi
1014 3737 1126 3795 pompa
1138 3721 1290 3794 triumphi,

237 3805 265 3864 6.
289 3803 354 3876 Quo
371 3809 401 3862 et
417 3804 520 3862 eduxit
533 3805 677 3880 populum
693 3807 843 3883 signatum
858 3803 895 3862 de
905 3805 1047 3880 Aegypto
1063 3807 1208 3880 sanguine
1223 3823 1289 3872 suo,

118 3959 120 3964 ¹
237 3889 265 3950 7.
287 3889 489 3965 Principiset
510 3907 604 3966 regno
627 3891 748 3966 maligni
769 3889 927 3965 populato,
952 3894 982 3948 et
1004 3891 1070 3966 ipso
1094 3895 1188 3948 strato

237 3976 265 4036 8
288 3975 421 4034 Eiectos
433 3975 596 4032 coelestem
618 3977 768 4034 concessit
756 3974 985 4034 tascendere
978 3995 1008 4040 1n
1028 3975 1202 4036 Ierusalem

237 4060 265 4119 9.
288 4061 375 4130 Η166,
398 4061 506 4118 fratres
529 4062 607 4130 cari,
632 4061 720 4118 simul
741 4062 802 4119 laet
790 4065 887 4152 temur
915 4063 1116 4120 sacratissimo
1148 4059 1208 4119 diei
1235 4043 1292 4120 116·

417 4147 465 4202 666
487 4146 574 4215 festo,

218 4230 265 4290 16.
288 4228 354 4300 Qua
384 4231 470 4288 sortis
500 4231 557 4300 166,
590 4231 735 4289 daemone
769 4219 848 4290 vieto
883 4249 1009 4310 surgens
1042 4231 1157 4289 tumulo
1192 4221 1290 4290 6116666

363 4372 365 4386 ,
419 4319 497 4374 omni
519 4317 639 4386 mundo,

217 4399 263 4458 11.
285 4399 323 4457 Et
332 4405 417 4458 6666
418 4417 502 4460 arum
510 4402 645 4478 exemplo
657 4404 760 4462 moniti
770 4402 927 4462 mulierum
934 4417 1113 4479 quaeramus
1120 4402 1288 4471 Chnstum

102 4573 181 4600 *-
