2822 5026
567 597 815 695 aee'ueroae
836 616 995 696 Domine.

474 727 557 779 Thes.
576 727 597 778 Ι.
620 743 647 794 p.
665 729 706 780 ss.
742 729 776 780 ΙΙ.
795 747 821 796 p.
843 731 899 782 ssa.
936 729 1087 782 Paschalis.

330 840 413 896 Beda
450 839 486 895 de
515 840 621 896 Metris
657 860 686 914 p.
721 841 801 899 1380
832 831 876 898 ed.
908 841 1029 898 Puiseh.
1075 843 1235 916 Rhythmus
1271 853 1314 900 est

238 927 395 982 serrorum
417 927 560 989 modulata
583 929 765 1002 compositio,
796 947 852 984 uoa
883 930 1000 983 metrica
1030 931 1159 994 ratione,
1190 929 1242 984 sed
1262 948 1312 984 ππ·

178 1021 181 1029 “
247 1029 324 1066 mero
347 1011 522 1084 syllabarum
545 1010 584 1066 ad
605 1011 739 1067 iudicium
762 1015 874 1068 aurium
898 1016 1077 1080 examinato,
1109 1021 1142 1070 ut
1162 1010 1231 1069 suat
1252 1031 1312 1069 aar·

247 1099 322 1152 'raiaa
353 1097 512 1170 uulqarium
543 1103 705 1170 poetarum.
750 1097 791 1152 m
820 1095 896 1170 quod
925 1097 1075 1170 rhythmus
1105 1117 1164 1172 per
1192 1117 1225 1154 se
1252 1101 1313 1154 siue

246 1173 337 1238 metro
360 1199 423 1236 esse
440 1188 553 1255 potest,
576 1189 695 1237 metrum
718 1199 785 1238 uero
807 1185 870 1249 siae
892 1181 1024 1254 rhythmo
1046 1201 1110 1239 esse
1132 1202 1188 1239 uon
1206 1191 1312 1258 potest,
1345 1246 1350 1258 ‚

248 1267 324 1338 quod
338 1265 474 1338 liquidius
490 1269 531 1322 ita
546 1265 697 1337 definitur:
719 1267 843 1322 Metram
866 1277 911 1323 est
932 1270 1006 1323 ratio
1029 1286 1100 1323 auur·
1114 1267 1312 1334 moduiatioae,

202 1404 203 1412 ,
247 1351 407 1422 ththmus
430 1359 474 1406 est
495 1351 651 1407 modulatio
673 1353 736 1406 sirie
759 1355 880 1409 ratioue.
926 1353 1099 1426 Plerumque
1131 1361 1225 1408 tamea
1247 1369 1313 1408 casu
1370 1399 1374 1414 .

247 1435 368 1508 quodam
390 1439 517 1492 iuueuies
539 1439 625 1492 etiam
647 1439 785 1493 ratioaem
811 1440 841 1494 ia
863 1437 1010 1510 rhythmo,
1040 1456 1096 1493 riou
1119 1441 1240 1510 artificii
1260 1457 1314 1494 ma·

248 1519 397 1577 deratiorie
428 1529 592 1588 seruatam,
629 1521 682 1590 sed
709 1541 779 1578 souo
808 1529 838 1578 et
865 1525 928 1606 ipsa
957 1521 1149 1579 modiolutioue
1185 1523 1312 1590 ducente,

247 1623 328 1679 quem
352 1608 486 1678 uulqares
503 1615 609 1680 poetae
632 1623 748 1662 uecesse
763 1616 816 1678 ¹est
836 1609 960 1674 rustice,
991 1608 1069 1663 docti
1087 1609 1205 1680 faciant
1226 1607 1312 1674 docte,

249 1691 393 1759 Quomodo
422 1691 576 1748 adinstar
598 1693 710 1748 iamhiei
732 1695 817 1748 metri
833 1693 1028 1766 pulcherrime
1048 1693 1149 1766 factus
1172 1689 1315 1766 methym-

171 1771 173 1778 ’
247 1795 302 1832 aas
324 1777 374 1833 ille
391 1779 561 1850 praelarus:

538 1879 614 1934 ·Rex
637 1883 758 1936 aeterne
781 1863 904 1936 Domide

551 1963 662 2020 Rerum
684 1969 801 2020 creator
823 1965 952 2039 omnium

553 2049 610 2118 Qui
634 2067 701 2106 eras
725 2054 793 2106 anie
817 2049 938 2106 saecula
990 2050 1008 2088 ‘-

483 2181 509 2207 ,1
554 2134 676 2208 Semper
699 2152 765 2190 eum
786 2140 872 2211 patre
895 2135 982 2200 filius,

225 2209 277 2292 ‘et
298 2237 349 2292 alii
370 2238 550 2294 Ambrosioui
572 2255 628 2292 aaa
645 2239 742 2310 pauci.
786 2237 859 2292 Item
881 2237 920 2292 ad
938 2237 1060 2307 formam
1075 2240 1164 2294 metri
1180 2239 1315 2295 trochaici

247 2323 327 2376 cauit
345 2321 488 2393 Hymaum
511 2323 546 2378 de
569 2323 615 2378 dle
637 2324 667 2377 ia
680 2321 762 2376 'diem
779 2339 837 2394 per
858 2322 1054 2418 alphabetum:

553 2422 725 2495 Apparebat
747 2425 901 2495 repentina
924 2427 980 2478 etc.

330 2523 458 2582 Probavi
481 2526 510 2579 in
533 2525 686 2580 Thesauro
712 2526 900 2598 scripturam:
947 2523 1054 2583 Ouex
1078 2532 1232 2583 aeterne
1254 2527 1315 2582 Do·
1354 2549 1363 2566 κ

246 2612 346 2666 mine.
394 2609 454 2666 Sed
485 2627 631 2683 nusquam
667 2611 814 2682 reperitur
849 2610 878 2664 in
914 2607 995 2665 libris·
1026 2613 1165 2668 vetustis.
1212 2613 1314 2686 Neque

221 2695 223 2702 ⁴
247 2693 416 2752 Cassander
450 2711 521 2750 vera
558 2695 682 2768 protulit
706 2711 772 2750 eum
795 2711 913 2750 carmen
936 2693 1095 2751 admodum
1118 2715 1220 2753 rarum
1250 2712 1333 2752 esse.

247 2777 466 2837 contenderit.'
497 2780 539 2835 E'x
570 2779 724 2836 Ordinario
755 2779 918 2852 Turonensi
959 2775 1039 2838 1450
1076 2787 1218 2839 cantatur
1253 2785 1317 2856 ipsa

245 2865 399 2922 Dominica
421 2864 568 2921 Paschali.

684 2961 723 2968 a...
744 2963 755 2966 .,

466 3137 471 3144 .
508 3073 689 3160 Splendor
708 3079 883 3160 pateruae
900 3075 1046 3158 qloriae.

546 3176 630 3228 Thes.
642 3175 662 3228 Ι.
676 3178 716 3230 24.
728 3191 769 3242 sq.
787 3176 859 3227 Add·
869 3175 904 3227 ΙΙ..
916 3191 943 3242 p.
953 3176 1010 3228 381.

329 3289 453 3344 Praeter
476 3289 610 3362 regulam
628 3287 778 3344 Aureliani
801 3294 968 3362 carmenui
983 3287 1216 3348 Ambrosianum
1239 3249 1316 3365 com3
1349 3271 1355 3282 ¹

223 3379 425 3446 ,memoratur
462 3371 542 3446 apud
578 3371 708 3429 Bedam'
728 3371 765 3428 de
794 3373 898 3428 Metuis
935 3377 964 3446 fi.
999 3375 1079 3432 1387
1111 3375 1159 3432 od.
1192 3375 1314 3433 Putsch.

294 3569 410 3622 Praesta
422 3573 506 3635 pater
517 3569 644 3635 piissime,
832 3565 909 3627 laus,
927 3565 1019 3638 homor,
1038 3571 1131 3632 virtus,
1144 3573 1240 3636 ,ylario
1292 3610 1294 3619 .

294 3637 421 3703 Patrique
439 3651 547 3702 compar
565 3637 646 3695 amice,
827 3632 884 3686 Boo
901 3633 978 3686 Patri
996 3639 1022 3687 et
1038 3635 1105 3688 Filio

296 3703 357 3756 dum
378 3702 479 3771 Spiritu
491 3704 629 3770 paraclito
832 3695 887 3753 ura
905 3717 962 3754 eum
981 3701 1079 3756 Sancto
1099 3705 1205 3773 Spiritu

293 3772 418 3838 Reqaaas
430 3786 485 3838 per
503 3785 580 3822 omae
595 3771 734 3822 saeculum.
827 3770 860 3820 ia
877 3771 1037 3836 sempitermo
1055 3775 1175 3826 saecula

295 3871 353 3924 Deo
370 3871 449 3924 Patri
466 3873 603 3992 sitmqloria
831 3871 922 3923 Gloria
940 3871 985 3922 tihi
1002 3870 1113 3925 Domine

293 3939 409 4008 Eiusque
426 3943 476 3992 soli
522 3941 561 3992 'lio
828 3936 877 4000 Qui
894 3940 1040 3991 surrexisti
1058 3956 1075 3992 a
1093 3945 1218 4005 mortuis,

296 4007 356 4060 Cum
375 4007 478 4076 Spiritu
490 4009 626 4076 paraclito
663 4017 665 4024 ’
830 4003 889 4057 Cum
907 4005 991 4058 Patre
1008 4004 1154 4077 etSaacto
1173 4009 1279 4080 Spiritu

292 4075 328 4127 m
345 4091 413 4129 auae
431 4079 457 4127 et
474 4077 500 4127 iu
512 4079 680 4143 perpetuum.
830 4071 862 4124 Iu
879 4077 1040 4142 sempiterna
1058 4079 1179 4130 saecula.

551 4174 681 4226 Christum
699 4190 820 4242 roqemas
838 4179 865 4226 et
881 4173 995 4236 Patrem,

550 4242 647 4294 Christi
664 4239 803 4308 Patrisque
821 4244 940 4310 spiritum

550 4309 631 4362 Ursum
644 4313 741 4376 poleas
753 4325 807 4376 per
824 4311 916 4369 omitia,
961 4309 969 4326 ⁸

546 4377 616 4432 Fore
627 4380 771 4447 precautes
791 4375 911 4430 Trinitas.
