2772 5024
141 624 359 698 Tormentsque
384 619 559 678 saevissima
675 618 733 688 Qui
742 619 884 692 princeps
898 633 966 674 esse
979 619 1145 694 principum

94 711 123 768 iii
141 709 173 766 iit
194 709 280 766 varia
302 707 450 782 supplicia
674 703 737 762 Rex
758 704 906 778 Mystieus
933 705 1117 778 agnosceris,

140 795 267 851 Victrice
289 797 343 872 tua
365 791 489 849 dextera
673 789 786 865 Agnita
807 793 910 846 nostra
933 790 1054 846 crimina

139 881 237 937 Mente
259 877 386 935 robusta
414 877 545 953 pertulit.
612 876 654 935 20
675 877 776 950 Larga
798 874 865 932 dele
887 875 1053 934 clementia.

139 1017 236 1084 Cuius,
261 1015 401 1082 acclines,
426 1015 549 1082 Domine
672 1012 827 1070 Adventus
850 1017 884 1069 ut
907 1027 974 1068 cum
996 1010 1128 1088 fulgidus

123 1103 178 1160 .Tc
201 1101 399 1175 deprecamur
420 1101 543 1176 largius,
673 1099 764 1166 Tuus,
790 1097 917 1164 Christe,
940 1097 1081 1172 potuerit,

90 1187 120 1246 it
139 1187 267 1244 Ethcrea
291 1187 441 1243 consortia
601 1243 605 1254 Ν
673 1183 737 1240 Τιιο
761 1179 899 1241 dueente'
911 1183 1045 1256 Martyre

139 1273 224 1332 Celso
249 1272 328 1330 done
349 1271 479 1345 fastigio.
669 1269 762 1349 'Laeti
784 1285 946 1346 pergamus
969 1268 1095 1338 obviam.

509 1435 712 1444 ...a—qa--n-—o--u

226 1563 228 1572 ’
278 1533 419 1621 Recior,
439 1535 652 1621 redemptor,
674 1534 845 1600 conditor.
888 1533 942 1600 M.

478 1651 522 1706 De
540 1667 595 1705 uno
613 1651 749 1722 Martyre.

138 1802 259 1868 Rector,
271 1799 451 1876 redemptor,
461 1799 605 1867 conditor,
671 1799 745 1866 illie,
768 1799 881 1856 relictis
904 1799 1021 1865 terreis,

138 1887 195 1957 Qui
218 1888 278 1944 tuis
302 1886 372 1944 olim
395 1885 521 1944 servulis
615 1884 656 1946 10,
675 1883 718 1940 Te
741 1885 905 1958 inspirante
932 1885 1047 1958 perciti,

139 1974 235 2030 Huius
258 1970 368 2028 dedisti
391 1971 503 2027 saeculi
676 1970 800 2044 Strages
824 1971 919 2026 secuti
948 1986 1105 2042 corporum

141 2058 369 2116 oblectamenta
395 2045 551 2130 spernere.
676 2055 782 2130 Regna
803 2055 866 2128 poli
888 2053 989 2129 adepti
1013 2059 1090 2112 sunt.

101 2175 118 2235 5
141 2177 232 2234 Nobis
254 2175 380 2233 refunde
408 2175 533 2232 coelitus
558 2175 560 2181 ’
678 2173 825 2232 Prostrati
847 2173 916 2232 inde
939 2190 1120 2250 quaesumus

142 2258 235 2320 Tuum
250 2261 409 2338 Patrisque
431 2277 609 2336 comparem,
677 2259 741 2330 Quo
764 2260 800 2316 ob
817 2260 984 2334 triumphos
1004 2259 1148 2333 Martyris

143 2348 179 2405 Ut
201 2347 295 2404 corda
317 2363 395 2414 nunc
423 2348 557 2420 tepentia
619 2347 655 2404 15
678 2347 827 2418 Hymnum
849 2345 912 2402 Deo
936 2345 1133 2420 persolvimus

145 2433 334 2508 conflagrent
355 2433 424 2507 igne
446 2433 577 2506 proprio.
679 2432 763 2488 Nunc
787 2433 892 2488 annuis
908 2429 1105 2488 recursibus:

407 2551 544 2626 Ipsorum
571 2551 786 2608 interventibus

406 2637 528 2694 Cunctis
552 2636 670 2706 ablutos
695 2636 842 2704 sordibus,

370 2727 375 2730 “
407 2722 531 2778 Sursum
552 2721 645 2778 reduc
668 2721 705 2776 ab
727 2723 834 2778 infimis

341 2808 382 2866 20
405 2807 504 2864 Sacris
527 2807 691 2863 reformans
712 2806 844 2863 sedibus.

362 3067 545 3157 Stephano
566 3072 679 3158 pruno
701 3070 869 3157 Martyri.

176 3183 179 3194 ·
295 3173 378 3225 Thes.
406 3171 426 3224 1.
454 3189 479 3238 p.
507 3171 540 3224 00
569 3187 613 3239 sq.
652 3171 697 3224 De
726 3171 754 3224 S.
781 3171 934 3239 Stephano.

165 3301 234 3358 Cod.
260 3301 394 3360 Rhenes.
419 3301 468 3359 91.
493 3319 572 3358 saec.
596 3285 645 3358 ΧΪ.
670 3299 796 3376 praebet
819 3317 952 3368 carmen,
977 3303 1019 3358 uti
1042 3302 1153 3376 legitur

20 3439 21 3444 ,
86 3385 212 3444 inlibris
236 3385 416 3458 Cassandri,
446 3385 576 3454 Bebelii,
600 3387 785 3454 Clictovaei,
804 3385 861 3442 hac
884 3392 984 3443 tamen
1006 3389 1152 3444 varietate

87 3469 252 3530 observata:
278 3473 306 3530 3.
331 3487 441 3546 quarn
465 3471 589 3528 dulce.
613 3473 642 3529 4.
667 3473 803 3529 ferret.
835 3473 863 3531 0.
888 3474 946 3528 sic
968 3473 1076 3528 enim.
1100 3471 1150 3531 20.
1232 3503 1235 3506 -

85 3555 192 3697 ¹pizo&
221 3556 433 3643 gaudebat
477 3559 526 3616 22.
557 3575 707 3631 pressa.
753 3557 802 3616 25.
827 3563 872 3628 xut
900 3557 971 3614 ille
1001 3540 1153 3614 eoelum

85 3657 119 3695 ιιι
145 3660 247 3700 nens.

164 3743 238 3802 Item
260 3741 348 3802 Brcv.
374 3744 604 3802 constantiense
628 3745 756 3801 eundem
778 3742 920 3818 hymnum
943 3746 1091 3820 proponit.
1122 3745 1151 3804 3.

86 3845 192 3901 quam
214 3826 346 3886 duio'is
370 3835 439 3886 est.
472 3831 500 3888 4.
525 3847 634 3904 opem
656 3831 769 3887 serre.
793 3829 843 3890 20.
868 3827 1078 3904 gaudebat.
1103 3831 1152 3890 22.

85 3929 233 3984 prensa.
258 3916 307 3974 23.
332 3918 551 3972 coniurant.
577 3916 627 3974 25.
652 3922 689 3972 et
711 3917 783 3972 ille
807 3915 959 3972 eoelum
981 3917 1151 3974 intuens.

86 3996 125 4055 33
147 4019 191 4076 sq.
213 4001 290 4058 Deo
314 4003 420 4076 patri
443 4003 497 4058 sit
518 4002 649 4078 gloria
672 4007 729 4061 etc.

168 4103 290 4180 Legitur
318 4103 447 4178 hymnus
476 4106 506 4161 in
533 4121 593 4161 uno
615 4104 701 4160 Brev.
727 4104 958 4161 Sarisburiensis
982 4103 1151 4177 exemplari.

168 4205 301 4282 Denique
324 4206 447 4264 Nealius
478 4207 668 4265 eBreviario
698 4206 895 4264 Ambrosiano
926 4223 1045 4264 carmen
1076 4210 1155 4262 tran·

89 4289 204 4363 scripsit
231 4293 327 4372 Duoi
351 4298 517 4350 cruento
541 4287 811 4366 martyrum-
832 4293 910 4366 quod
930 4308 969 4348 coc
991 4293 1156 4363 antiquiore

88 4375 198 4445 refecit·
208 4379 322 4452 quidum
344 4387 376 4436 ct
396 4381 554 4464 sotir-mco
577 4379 690 4452 quidem
712 4381 857 4436 scatentia
880 4379 1038 4451 clepuntcr.
