2724 5026
568 421 575 450 '
688 459 753 534 us

260 639 331 698 435.
360 626 581 716 {Quantaque
610 629 684 696 vult
711 631 836 698 salvus
864 635 955 714 esee.
997 647 1044 702 De
1065 647 1094 704 S.
1117 648 1264 708 Trini-

83 791 87 796 ,
174 729 269 780 tate.
313 723 435 780 Nesla
458 724 541 798 Seqt.
563 741 595 796 p:
616 723 680 784 264
702 742 718 781 e
741 726 857 802 Missali
879 729 1065 790 Nidrosiensi
1091 729 1193 806 isla]

283 896 309 951 l.
344 891 522 967 Quicunque
544 892 609 952 vult
631 893 731 951 salvus
754 912 832 964 esse,

347 979 450 1052 Ipsum
471 977 560 1034 fidem
583 983 631 1034 cst
644 995 776 1038 necesse

392 1063 519 1122 Servare
542 1062 735 1121 Catholicam.

346 1149 429 1206 Haec
453 1156 500 1206 est
521 1146 597 1204 fides
620 1165 697 1224 quae
721 1157 857 1209 servatur

348 1233 387 1290 Et
409 1251 464 1307 per
485 1251 590 1292 vocem
612 1234 804 1308 praedicatur

310 1386 323 1404 ⁶
349 1319 470 1376 Cunctis
494 1319 706 1392 apostolicam.

268 1457 309 1518 Χ2.
341 1451 423 1514 Unus
447 1460 493 1512 est
514 1457 545 1511 in
567 1454 722 1525 Trinitate,

346 1541 454 1598 'Ibinus
478 1547 525 1597 est
547 1542 577 1597 in
598 1540 719 1598 Unitate

389 1627 470 1683 Deus
493 1642 599 1684 creans
622 1627 734 1684 omnia:

346 1704 506 1770 Trinus‘in
528 1714 666 1786 personis
688 1712 779 1779 Deus,

270 1846 274 1858 .
346 1797 512 1856 Erubescat
532 1788 601 1854 hinc
624 1796 764 1866 Iudaeus,

361 1907 363 1914 ¹
389 1883 471 1940 Unus
496 1885 526 1939 in
549 1885 688 1940 essentia.

280 2023 307 2082 3.
345 2019 400 2079 Est
422 2021 485 2076 sine
507 2021 653 2094 principio
676 2019 767 2076 Pater
789 2021 819 2076 in
841 2023 980 2092 essentia,
1024 2095 1029 2100 ῃ

343 2105 473 2163 Verbum
497 2105 533 2162 de
555 2105 700 2179 principio
723 2121 778 2178 par
799 2102 880 2164 Patri
902 2109 1046 2180 potentia,

344 2191 505 2267 Utriusque
529 2191 656 2266 Spiritus
680 2195 727 2246 est
749 2193 963 2249 convenientia·

277 2350 306 2406 4.
342 2345 433 2402 Pater
455 2351 503 2402 est
524 2345 674 2420 ingenitus
698 2343 735 2400 de
758 2359 790 2401 se
813 2345 942 2402 Verbum
964 2363 1124 2422 generans,
1159 2362 1182 2368 ··

343 2431 436 2489 Filius
457 2431 643 2505 Unigenitus,
666 2428 749 2486 Patri
771 2447 830 2485 non
853 2430 1050 2506 degenerans,
1094 2449 1105 2456 ·
1141 2495 1147 2506 ¹

344 2518 472 2592 Spiritus
494 2533 553 2572 non
576 2516 695 2590 genitus
718 2516 755 2572 ab
778 2522 905 2591 utroque
928 2517 1056 2577 radians.

275 2675 319 2734 b.·
340 2671 430 2728 Nulla
451 2669 655 2750 multiplicitas
678 2671 707 2726 in
729 2670 900 2738 Divinitate,

226 2799 234 2808 -
341 2757 542 2814 Personarum
563 2756 677 2829 paritas
700 2757 800 2812 estin
820 2753 974 2826 Trinitatis,

261 2869 268 2875 -
341 2841 472 2900 Indivisa
494 2839 623 2898 Trinitas
646 2847 693 2897 est
715 2843 744 2897 in
766 2841 895 2898 Unitate.

275 2998 304 3056 6.
341 2995 424 3052 Patri
445 3000 534 3052 natus
557 2994 661 3077 similis
683 2993 782 3074 Patris
805 3000 853 3052 est
874 2994 983 3070 imago,

343 3079 405 3139 sed
427 3098 486 3138 non
507 3082 551 3136 rei
574 3079 671 3136 facilis
693 3079 782 3136 huius
806 3085 854 3138 est
874 3079 994 3156 indago,

70 3197 83 3234 0
292 3194 296 3200 ·
343 3167 388 3224 Sit
409 3167 440 3223 in
461 3166 520 3223 fide
543 3165 659 3237 stabilis
680 3164 975 3241 humanaprcpago.

274 3322 303 3380 7.
340 3321 408 3377 Non
431 3325 478 3378 est
500 3321 703 3384 necessarium
725 3326 845 3378 nostrae
867 3322 1026 3394 parvitatis

340 3407 447 3464 Velum
468 3405 529 3462 alto
552 3405 658 3462 tollere
681 3423 814 3462 summae
837 3403 999 3473 Trinitatis,

340 3493 396 3550 Ubi
419 3496 523 3550 nostra
545 3492 666 3564 saepius
690 3481 740 3548 esi
759 3500 906 3548 concussa
927 3493 1013 3559 ratio,

339 3577 374 3636 In
397 3593 530 3635 errorum
552 3575 691 3633 fluctibus
713 3577 761 3633 vix
784 3579 961 3652 enavigatis.
1032 3605 1036 3611 ·

264 3736 300 3792 ·8.
339 3731 541 3792 absolvamus
564 3730 726 3786 anchoram
749 3747 767 3786 a
788 3729 1001 3802 profunditate,

323 3818 379 3873 'Et
399 3819 533 3874 laxemus
556 3813 682 3872 carbasa
705 3831 772 3872 cum
794 3817 964 3884 securitate,

338 3901 395 3959 Ubi
417 3902 569 3976 navigatio
592 3900 651 3958 levi
673 3905 759 3974 patet
779 3903 854 3967 rate,

295 4007 301 4012 ·
338 3986 395 4044 Ubi
416 3992 522 4061 portus
545 3984 673 4042 trabitur
693 3988 723 4042 in
745 3985 968 4060 tranquillitate.
1003 3992 1009 4001 '

250 4123 277 4182 5.
299 4123 404 4182 Liber:
428 4124 584 4196 paritas
607 4126 669 4180 est
690 4123 727 4181 in
748 4123 913 4180 unitate.

599 4319 801 4332 Μ
