2772 5024
703 379 747 450 ὦ

253 641 461 728 Hymaum
450 659 488 708 aa
511 636 642 706 Nalote
662 638 866 726 Martyrum
892 640 949 706 cel
967 636 1125 707 Sabbata
1147 639 1197 706 ud

146 747 166 784 *
566 739 791 808 Matutiaam.
835 740 875 808 B

254 857 453 946 Sacratissimi
473 887 552 943 Mart
540 891 622 960 tyres
646 905 724 944 sum·
810 889 930 945 Exirent
953 887 990 944 de
1012 888 1070 944 hoc
1094 888 1218 944 saeculo

494 975 533 1028 mi
555 972 610 1028 Dei
746 973 786 1031 30
809 973 875 1030 Tibi
898 975 994 1030 sancti
1017 973 1174 1030 canebant.

274 1059 441 1116 Bellatores
464 1046 627 1124 fortissimi,
1049 1055 1051 1058 ’

275 1145 385 1202 Christi
411 1143 503 1218 Regis
525 1144 724 1216 potentissimi

274 1231 373 1286 Duces
397 1230 544 1286 exercitus
567 1229 622 1284 Dei
665 1291 671 1294 ,

232 1315 250 1374 5
274 1317 411 1371 Victores
433 1315 463 1370 in
487 1313 579 1370 coelis

274 1401 337 1474 Deo
361 1404 503 1456 canentes
527 1399 666 1454 Alleluia.

789 1110 917 1168 Illustris
940 1115 993 1167 tua
1014 1111 1139 1166 Domine
1190 1146 1195 1154 κ
1376 1167 1378 1192 Χ

810 1195 975 1254 Laudanda
990 1197 1094 1262 virtus,
1112 1211 1192 1270 quae
1208 1213 1268 1270 per
1376 1207 1378 1254 ἶ

1013 1281 1154 1354 Spiritum
1376 1329 1378 1348 Χ

812 1367 953 1424 Sanctum
965 1366 1268 1440 firmatitMartyres,

813 1451 868 1520 Qui
880 1455 1105 1508 consternerent
1116 1451 1269 1508 Zabulum
1376 1449 1378 1484 ²

253 1537 461 1605 Excelsissime
485 1535 613 1602 Christe,
749 1533 787 1594 35
811 1537 849 1593 Et
871 1543 997 1594 mortem
1019 1538 1185 1603 vincerent,
1376 1529 1378 1542 '

276 1623 433 1679 Coelorum
460 1621 541 1677 Deus
565 1619 724 1692 Cherubin,
812 1623 877 1678 Tibi
900 1623 995 1678 sancti
1019 1621 1176 1678 canebant.

254 1721 258 1725 ’
276 1709 330 1764 Cui
344 1707 432 1762 sedes
450 1723 516 1762 oum
524 1705 614 1761 Patre
631 1722 725 1762 sacra.

215 1793 254 1861 lt),
275 1793 459 1866 Angelorum
471 1791 511 1847 ibi
520 1796 550 1848 et
558 1791 725 1864 Martyrum

274 1879 405 1952 Fulgens
430 1877 538 1933 chorus

275 1964 340 2020 Tibi
364 1964 460 2020 sancti
487 1963 681 2036 proclamant.

791 1759 882 1815 Manu
904 1758 958 1814 Dei
981 1759 1100 1818 excelsa

812 1844 944 1900 Protecti
972 1849 1077 1900 contra
1105 1843 1271 1902 Diabolum

813 1929 969 1986 Steterunt
990 1931 1107 1996 firmati,

747 2015 788 2074 40
811 2015 935 2088 Semper
957 2014 1208 2092 Trinitatifid'em

145 2104 155 2144 Ἴ
254 2101 413 2174 Magnifice
437 2105 470 2155 tu
492 2100 574 2173 prior
814 2101 890 2156 Toto
914 2100 1004 2156 corde
1028 2105 1194 2158 servantes.

276 2185 413 2242 Omnium
439 2202 548 2258 passus
572 2201 690 2240 crucem
813 2185 877 2242 Tibi
901 2186 1001 2244 Sancti
1025 2183 1183 2244 canebant.

99 2328 101 2332 ,
212 2271 248 2330 15
273 2271 330 2340 Qui
345 2269 463 2329 devicta
476 2275 553 2324 mort
542 2269 727 2326 terefulsisti

274 2355 396 2421 Mundo,
406 2354 615 2410 ascendist1ad
624 2354 724 2410 coelos
792 2323 869 2462 ng
891 2327 1053 2422 regnanfes
1078 2329 1163 2379 Μή
1375 2389 1378 2430 ῖ

272 2433 324 2496 Ad
347 2441 498 2530 ίῖθΧῖΧΧΧΧΧ
520 2439 584 2508 De,
717 2439 720 2450 ·
838 2424 922 2464 ecum
945 2407 1063 2464 Christe
1086 2409 1178 2475 DeuS,
1370 2431 1378 2502 ,ῖ

275 2525 340 2581 Tibi
369 2531 464 2582 sanet
456 2526 681 2598 ιΧΧΟΟῖΧΧΧΧΧῖ
748 2493 788 2550 45
813 2492 870 2561 Qui
900 2495 1050 2566 passionis
1080 2495 1187 2550 merito
1219 2512 1274 2551 co·
1376 2525 1378 2542 ·

1031 2595 1120 2634 ronas

255 2661 353 2717 Armis
377 2661 559 2734 spiritalibus
813 2663 941 2732 Habent,
966 2669 996 2720 et
1019 2651 1192 2720 centenario

212 2746 253 2806 20
274 2747 391 2803 Manita
418 2751 517 2802 mente
540 2746 678 2820 Apostoli
813 2749 924 2805 Fructu
940 2749 1054 2822 repleti
1076 2748 1225 2823 gaudent,

276 2833 378 2889 Sancti
400 2837 431 2887 te
454 2837 523 2888 sunt
547 2833 651 2898 secuti,
812 2833 885 2890 Tibi·
901 2835 1002 2890 Sancti
1025 2835 1225 2908 proclamant.

255 2961 258 2968 ,
277 2917 334 2986 Qui
358 2918 514 2990 cumipse
537 2919 633 2973 crucis

275 3002 455 3058 Paterentur
481 3007 576 3058 morte
600 3001 649 3068 (m)

276 3086 342 3142 Tibi
366 3087 461 3142 sancti
485 3088 640 3143 canebant.

794 2970 905 3026 Christi
927 2971 981 3028 Dei
1004 2972 1132 3044 gratiam

750 3055 791 3112 50
815 3055 971 3128 Supplices
997 3056 1201 3125 obsecremus,

814 3140 853 3197 Ut
875 3142 904 3196 in
927 3142 1021 3214 ipsius
1045 3142 1171 3216 gloriam

191 3225 231 3283 25
256 3223 564 3296 ChristeMartyrum
588 3229 620 3302 tu
645 3241 677 3280 es
815 3226 1068 3294 Consummemur‚
1093 3228 1176 3284 etin
1201 3247 1274 3286 san-

264 3307 404 3364 ‘Adiutor
438 3313 547 3381 potens
581 3310 728 3382 praeliari·
1018 3317 1097 3368 ctam
1175 3343 1178 3349 ·
1351 3376 1353 3382 ¹

481 3395 554 3450 tium
631 3433 632 3436 η
811 3395 999 3452 Hierusalem
1029 3396 1190 3454 Civitatem
1213 3399 1273 3456 Dei

276 3479 387 3539 Sancta
410 3497 463 3570 pro
487 3484 538 3534 tuo
562 3480 658 3553 gloria
813 3479 950 3536 Trinitati
978 3499 1044 3538 cum
1067 3482 1187 3538 Sanctis

276 3563 332 3632 Qui
356 3581 422 3620 eum
442 3541 572 3621 victores
748 3563 788 3622 55
811 3565 951 3622 Dicamus
969 3566 1108 3624 Alleluia.

371 3899 376 3904 Ι
432 3791 534 3874 Deam
559 3809 730 3876 tmntcasa
757 3809 927 3878 Trinitas.
971 3815 1023 3886 M.

511 3985 514 3992 ¹
592 3907 637 3960 De
655 3925 710 3960 uno
729 3910 864 3978 Martyre.

256 4038 337 4093 Deus
361 4039 504 4092 immensa
527 4037 669 4095 Trinitas:
751 4040 769 4098 5
794 4041 851 4110 Qui
874 4043 1016 4117 largitate
1039 4047 1170 4101 muneris

256 4123 359 4178 Unitas
384 4139 503 4194 semper
525 4123 634 4196 gloria:
792 4125 856 4182 Tuo
879 4131 1041 4200 praestasti
1064 4131 1215 4203 Martyri,'

255 4207 354 4272 Pater,
379 4206 506 4272 Christe,
530 4206 696 4262 Paraolite:
792 4211 883 4266 Cuius
905 4213 985 4268 festa
1010 4217 1167 4272 votissima

255 4291 365 4347 Rerum
388 4293 498 4348 invicte
521 4291 654 4348 Domine.
794 4281 1044 4356 Concelebramus
1066 4299 1166 4357 hodie.
