2848 5030
238 732 288 793 52.
312 670 453 802 [Gaude
480 720 584 788 turba
610 721 775 806 fidelium.
819 731 864 788 De
887 731 1229 806 compassiones.

150 817 267 962 pilanae
278 817 337 971 lv.
382 817 514 876 Sabbato
547 821 618 892 post
655 815 713 874 Oct
700 821 801 874 taram
836 815 976 876 Paschat'
954 821 994 874 trs
1031 816 1069 875 ad
1105 817 1230 894 primam
1347 837 1350 844 ⁴

185 921 276 962 issam

586 1015 787 1024 ...μ-...Μ

240 1157 290 1219 58.
317 1145 456 1226 [sectae
474 1152 587 1216 malet·
611 1149 787 1216 dolorm.
832 1157 866 1216 In
888 1157 1173 1234 Compassione
1195 1158 1229 1217 B.

151 1244 194 1304 Μ.
216 1245 249 1304 V.
272 1243 311 1301 ad
334 1259 480 1301 summam
502 1240 643 1311 Missam]
737 1283 748 1302 ,

238 1363 315 1420 Huic
339 1362 567 1438 Sequentiarum
596 1363 718 1438 reginae
748 1379 929 1438 quamquam
951 1365 981 1420 in
1004 1361 1159 1420 Thesauro
1182 1359 1228 1428 (ΙΙ.

157 1448 331 1508 lar-154.
348 1445 417 1508 385.
439 1447 492 1506 Ill.
507 1445 588 1513 291.)
610 1450 669 1506 iam
683 1447 798 1522 amplas
821 1448 909 1506 sedes
933 1447 1105 1516 dicavimus,
1128 1453 1229 1506 tamen

152 1531 274 1610 publico
296 1534 406 1601 favore,
430 1551 489 1608 quo
512 1536 672 1601 sentitur,
704 1533 871 1609 obligamur
899 1535 984 1590 utin
1008 1530 1229 1608 supplementis

154 1637 276 1696 quoquc
298 1620 476 1693 recipiamus
493 1634 690 1694 quaecunque
713 1637 748 1676 ex
771 1636 806 1675 eo
821 1623 956 1694 tempore
979 1624 1031 1676 aut
1052 1611 1162 1676 nostra
1177 1623 1229 1676 aut

153 1705 279 1763 aliorum
301 1721 394 1779 opera
415 1702 454 1760 ad
476 1721 542 1762 eam
571 1703 778 1762 illustrandam
807 1706 942 1779 profecit.
984 1703 1116 1780 Eiusque
1139 1704 1228 1761 officii

154 1809 190 1848 eo
214 1791 333 1865 gravior
353 1790 439 1846 nobis
462 1795 526 1846 erat
542 1807 628 1858 cura,
660 1789 741 1864 quod
763 1790 881 1846 Monius
903 1791 1026 1857 notarit,
1049 1807 1154 1862 parum
1177 1788 1228 1853 ade

153 1877 213 1933 huc
236 1875 356 1932 criticae
380 1877 517 1934 carminis
540 1877 647 1932 rationi
670 1875 838 1932 consultum
853 1890 936 1934 esse.
974 1875 1057 1944 Quae
1080 1875 1228 1932 sententia

153 1962 290 2018 nimirum
318 1965 349 2018 et
378 1959 588 2034 disputationis
610 1959 818 2018 Mohnikianae
849 1965 879 2016 ιι
908 1959 1025 2034 opellae
1054 1977 1144 2034 quam
1172 1967 1228 2016 nos

155 2048 279 2104 carmini
300 2045 436 2104 dedimus
459 2047 573 2104 ratione
596 2046 727 2102 habit'a
720 2047 823 2144 iniqua
844 2045 978 2112 videtur,
1002 2062 1111 2126 eoque
1121 2043 1227 2118 magis,

155 2131 238 2208 quod
259 2131 379 2188 Monius
413 2149 451 2188 ne
474 2131 512 2187 ad
534 2132 592 2188 hoc
615 2130 736 2206 quidem
758 2132 887 2188 anianum
910 2129 1047 2198 attendit,
1069 2134 1104 2187 ut
1126 2131 1228 2188 critice

154 2216 279 2276 adnotat
234 2205 347 2274 tatione
377 2218 407 2272 in
436 2215 592 2274 Thesauro
624 2215 724 2272 oblata
693 2217 827 2272 tsatis
849 2221 1000 2284 uteretur,
1032 2233 1056 2272 e.
1080 2233 1107 2290 g.
1130 2215 1228 2273 varias

153 2304 299 2361 lectiones
315 2301 433 2358 Codicis
456 2319 510 2360 ms.
533 2303 720 2358 Ambrosiani
742 2303 855 2376 pariter
877 2317 912 2358 ac
934 2301 1108 2358 Bernardini
1129 2317 1148 2357 a
1169 2300 1228 2358 Bu·

154 2389 210 2446 stis
219 2387 479 2460 interpolationem
494 2403 632 2460 prorsum
646 2387 785 2461 neglexit.
823 2387 883 2446 Sed
897 2388 990 2446 missa
1004 2387 1126 2462 querela
1141 2389 1228 2460 grato

156 2475 264 2541 anima,
288 2489 366 2547 quae
389 2473 509 2530 Meuius
532 2473 648 2540 obtulit,
672 2473 843 2546 accipimus.
877 2472 911 2528 In
933 2473 1059 2530 materia
1079 2472 1226 2540 carminis,
1315 2511 1323 2537 ι,

155 2557 238 2634 quod
251 2563 344 2614 rtanto
369 2557 467 2614 studio
489 2563 610 2628 nostrae
633 2559 740 2613 aetatis
763 2558 899 2614 homines
920 2558 1026 2614 merito
1041 2573 1227 2632 prosequun-

155 2649 273 2738 tun-ns
295 2642 369 2718 quid
391 2645 657 2718 praetermittatur,
680 2647 793 2700 textum
814 2642 906 2700 Monii
929 2642 1183 2702 transscribimus:

225 2814 331 2872 Stabat
352 2818 448 2872 mater
470 2812 611 2894 dolorosa
758 2813 817 2870 Pro
840 2815 973 2888 peccatis
995 2829 1068 2872 suae
1090 2815 1189 2890 gentis

223 2901 305 2957 iuxta
327 2915 446 2958 enicem
467 2899 633 2966 lacrimosa,
696 2899 736 2956 20
759 2898 834 2958 vidit
855 2899 956 2956 Iesum
978 2900 1008 2956 in
1031 2899 1185 2956 tormentis

168 3055 174 3066 X
222 3001 281 3060 qua
302 2982 455 3058 pendebat
475 2985 563 3052 filius,
758 2990 788 3041 et
809 2985 937 3060 flagellis
960 2983 1121 3052 subditum,
1230 3039 1235 3050 ,

223 3071 307 3133 cuius
330 3071 458 3127 animam
481 3073 650 3144 gementem
708 3080 711 3086 ’
758 3067 833 3126 vidit
855 3073 942 3127 suurn
965 3069 1082 3126 dulcem
1104 3073 1208 3127 natum

151 3221 154 3226 ,
177 3156 196 3214 5
221 3156 449 3213 contristantem
472 3159 503 3212 ct
526 3154 676 3212 dolentem
760 3154 913 3212 moriendo
936 3155 1115 3236 desolatum,

221 3241 416 3316 pertransivit
438 3239 564 3315 gladius,
757 3239 827 3298 dum
850 3242 948 3298 emisit
970 3242 1114 3315 spiritum.

222 3393 248 3450 0
272 3409 362 3470 quam
384 3395 479 3450 tristis
503 3399 533 3450 et
555 3393 666 3452 afflicta
695 3393 735 3453 25
758 3394 812 3451 Eia
833 3399 938 3461 mater,
960 3394 1169 3462 fonsamoris,

219 3479 275 3536 fuit
296 3479 348 3536 illa
369 3477 538 3546 benedicta,
755 3497 803 3538 me
827 3481 937 3536 sentire
960 3481 1020 3536 vim
1042 3477 1154 3535 doloris

218 3568 314 3622 mater
335 3565 490 3638 unigeniti,
755 3563 812 3632 iac,
835 3569 869 3620 nt
891 3569 991 3622 tecum
1013 3563 1150 3637 lugeam3

108 3655 121 3672 “
158 3649 196 3708 10
205 3667 309 3738 quam
331 3649 537 3706 moerebatet
560 3647 681 3706 dolebat
756 3651 803 3706 fac
826 3655 861 3706 ιιι
883 3648 987 3706 ardeat
1010 3665 1181 3706 cormeum

221 3734 431 3803 ctttremeba
456 3733 526 3791 dnm
547 3733 669 3792 ridebat
754 3737 784 3792 in
807 3733 934 3792 amando
958 3733 1109 3791 Christum
1122 3733 1227 3803 Deum,

184 3821 283 3876 nati
304 3835 418 3894 poenas
440 3820 534 3892 inclyt
522 3821 560 3877 ti!
692 3820 732 3879 30
754 3825 788 3878 ut
811 3820 867 3877 sibi
887 3819 1099 3894 complaceam

219 3972 293 4045 Quis
304 3973 458 4041 esthemo,
468 3974 519 4048 qui
527 3989 587 4030 non
595 3973 690 4041 fleret,
757 3975 868 4032 Sancta
890 3978 994 4044 mater,
1018 3973 1100 4031 istud
1123 3991 1207 4051 agas,

219 4059 330 4117 Christi
351 4063 477 4119 matrem
500 4061 525 4116 si
547 4058 662 4118 videret
757 4060 888 4116 crucifixi
910 4059 969 4135 fige
991 4060 1100 4136 plagas

157 4143 195 4203 15
218 4146 249 4202 lu
270 4148 355 4202 tanto
379 4143 565 4219 suppliciol'
756 4140 839 4202 cordi
860 4161 927 4201 meo
950 4143 1064 4213 valide;

218 4231 286 4306 quis
308 4247 368 4286 non
389 4235 495 4304 posset
509 4231 688 4298 contristari,
754 4233 799 4287 tui
819 4231 882 4288 nati
904 4229 1059 4296 vulnerati,

217 4313 302 4390 pianr
319 4319 443 4373 matrem
467 4315 662 4390 contemplari
691 4315 730 4374 35
754 4321 816 4373 tam
839 4315 953 4391 dignati
975 4333 1030 4390 pro
1053 4331 1102 4371 me
1124 4316 1197 4389 pati,

218 4387 371 4458 dolentem
393 4417 460 4459 cum
482 4401 563 4458 filio?
755 4417 870 4475 poenas
892 4417 1008 4460 mecum
1031 4398 1138 4460 divide.
