2904 5028
233 641 323 700 biber
343 641 383 700 ab
404 639 564 699 hostibus
582 637 619 699 'et
635 639 884 698 ammiane
900 639 957 698 ibit
978 639 1153 698 Hebraeus

232 727 322 785 Liber
343 725 525 784 habebitur
548 732 578 784 et
601 725 817 784 celebrabitur
839 731 911 782 tunc
931 726 1097 784 iubilae'us

224 813 316 869 'lesus
339 813 528 870 amantibus
552 808 657 871 afforet
678 811 832 870 omnibus
855 811 917 868 alta
939 811 1099 886 trophaea
1125 827 1132 834 ·
1157 885 1163 890 Ι

230 897 316 954 lesus
339 895 509 954 amabitur
531 902 622 973 atque
644 891 810 956 videbitur
831 893 861 952 in
883 893 1042 956 Galilaea.

144 1016 209 1074 Nec
231 1018 330 1085 miror,
354 1035 446 1092 quum
467 1022 529 1074 tam
546 1018 681 1074 immanis
705 1017 744 1072 sit
766 1031 872 1074 versus
888 1014 1032 1071 eiusmodi
1048 1013 1216 1086 difficultas,

28 1119 46 1183 j
146 1101 282 1178 quodlta
294 1101 676 1178 scripseritBernardus:,‚
679 1103 747 1158 lion
759 1118 816 1176 ego
832 1099 1016 1200 arroganter,
1029 1100 1085 1158 sod
1100 1102 1218 1160 omnino

145 1187 313 1254 humiliter,
345 1194 376 1245 et
405 1187 459 1245 ob
470 1187 501 1246 id
523 1186 667 1247 audacter
688 1187 818 1257 affirmo,
849 1187 919 1266 quia
947 1187 1003 1243 nisi
1026 1188 1111 1260 spirit
1112 1203 1147 1242 us
1171 1203 1218 1242 sa·

85 1333 89 1337 ,
146 1274 277 1346 pientiae
300 1279 331 1330 et
352 1274 525 1330 intellectus
546 1271 618 1332 mihi
641 1271 821 1333 affuissete
823 1269 1038 1339 tcflluxisset,
1079 1277 1141 1328 tam
1163 1270 1217 1330 dil·

145 1358 217 1414 ficili
238 1363 334 1415 metro
363 1363 425 1415 tam
454 1353 577 1434 longum
606 1375 683 1432 opus
713 1362 874 1432 contegere
896 1375 956 1414 non
976 1357 1152 1430 potuissem.
1174 1384 1218 1394 -

145 1441 340 1500 Hildebertus
372 1443 409 1500 de
439 1439 625 1512 Laverdino,
657 1443 708 1518 qui
738 1441 776 1498 ob
806 1441 949 1498 scientiae
977 1445 1217 1518 praerogativam

145 1529 229 1602 prius
251 1529 282 1584 in
306 1531 496 1606 episcopum,
526 1531 597 1604 post
626 1530 655 1584 in
681 1527 942 1604 metropolitanum
970 1533 1132 1601 provectus
1155 1534 1217 1597 cst;

142 1611 1214 1690 Vinchardusiaugdanensis,canonicusversificatorespraestantlssimi,

145 1697 228 1774 quod
249 1700 345 1756 famae
366 1701 397 1756 in
419 1699 477 1756 hoc
500 1705 627 1756 metrum
648 1699 837 1767 contulerint,
859 1695 960 1774 palam
983 1703 1037 1754 est.
1057 1719 1101 1738 *υ
1122 1697 1218 1768 Quor·

57 1783 62 1790 ‘
144 1800 212 1841 sum
233 1784 330 1842 haec?
350 1781 424 1842 illud
447 1785 563 1842 scilicet
584 1777 777 1860 intelligetur,
811 1783 892 1859 quod
913 1799 973 1841 non
1001 1781 1058 1841 nisi
1080 1779 1143 1841 Deo
1163 1797 1217 1841 co-
1245 1823 1246 1830 ι

143 1875 290 1944 operante
320 1873 352 1928 et
380 1872 510 1928 animum
539 1871 732 1927 confirmante
761 1874 824 1926 tres
858 1869 960 1931 libron
981 1881 1017 1926 eo
1051 1871 1222 1944 conscripsi·

142 1959 249 2023 metro,
273 1974 334 2032 quo
356 1958 404 2014 vix
426 1957 469 2015 illi
490 1957 688 2031 paucissimos
710 1948 844 2014 versus.“

224 2089 291 2166 ¹Iarn
313 2128 384 2169 vero
407 2127 463 2167 nec
483 2109 629 2188 temporis
653 2109 756 2178 nostri,
781 2127 836 2166 nec
860 2108 983 2166 chartae
1006 2113 1069 2178 est,
1099 2108 1216 2186 reliqua

142 2211 286 2254 versuum
307 2207 429 2272 genera,
453 2200 486 2256 ut
506 2191 555 2253 hic
578 2191 801 2273 triphthongos,
828 2213 1013 2272 percurrere.
1062 2193 1096 2250 ld
1120 2195 1216 2252 solum

142 2279 299 2338 observari
329 2280 433 2338 debet:
465 2283 577 2356 quanto
607 2279 704 2338 rarius
733 2279 777 2338 int
765 2283 812 2336 ter
833 2297 940 2355 prosas
962 2275 1095 2349 iambici,
1126 2299 1216 2356 quam

26 2391 32 2402 =
142 2365 291 2422 trochaici
313 2367 501 2424 inveniantur
521 2363 593 2440 rhyt
581 2365 663 2422 thmi.
707 2361 750 2422 Ex
772 2363 839 2435 illis,
863 2385 922 2423 non
943 2369 1000 2423 nisi
1022 2365 1082 2422 dno
1105 2384 1217 2441 genera
1332 2428 1338 2444 Ι

140 2451 322 2528 plerumque
345 2456 513 2513 occurrunt
492 2452 663 2522 t,Uuum
686 2451 718 2512 id
738 2449 820 2528 quod
842 2453 899 2511 nisi
920 2453 1008 2511 fallor
1021 2451 1155 2511 Adamas
1179 2451 1216 2510 de

15 2561 19 2576 v
127 2535 176 2594 ms
179 2534 347 2602 Victore
340 2555 406 2612 ipse
427 2539 554 2600 inuenit:

410 2656 542 2714 Confusa
564 2663 635 2714 sunt
655 2656 824 2714 tricennia

451 2741 538 2817 Spes,
554 2752 681 2810 moeror,
692 2745 800 2812 metus,
817 2732 967 2822 ¹galatiam,

409 2827 560 2886 Vinhora
581 2829 630 2887 rel
653 2827 774 2885 dimidia

356 2989 364 3002 s
452 2914 499 2970 Fit
520 2915 550 2970 in
573 2914 657 2971 coelo
681 2914 838 2972 silentium

228 3065 318 3136 Quod
339 3072 442 3126 tamen
468 3067 519 3128 ille
547 3067 658 3126 usitato
687 3065 881 3130 iambicorum
902 3084 1013 3145 genere
1033 3068 1228 3170 plerumque*

127 3147 345 3223 ,intermiscet3
367 3159 405 3212 ut
421 3153 471 3214 hic
495 3155 663 3258 sequitur:

449 3306 545 3378 Quam
566 3305 636 3368 fellx
657 3305 709 3365 illa
732 3305 837 3366 civitas

446 3393 481 3450 In
503 3411 564 3470 qua
584 3395 662 3468 iugis
685 3394 873 3453 solemnitas!

445 3478 484 3536 Et
506 3495 596 3554 quam
617 3478 748 3538 iucunda
770 3480 853 3542 curia

313 3585 319 3593 ’
434 3562 530 3644 Ωιιε
546 3581 636 3625 curae
651 3583 775 3640 prorsus
790 3565 907 3622 nescia!

138 3733 399 3794 Homoeoteleutis
422 3733 556 3794 eiusdem
571 3737 690 3812 generis
711 3735 804 3794 utitur
820 3733 849 3794 S.
864 3725 994 3795 Thomas
1009 3735 1039 3792 in
1055 3733 1218 3810 Sequentia

140 3819 196 3876 illa
217 3819 360 3878 mirabili:
391 3821 556 3886 Verbum
567 3836 760 3898 supernum
781 3817 967 3900 prodiens.

224 3955 316 4016 Aliud
336 3957 531 4021 iambicorunr
556 3974 670 4035 genus,
702 3977 761 4036 quo
783 3957 832 4016 hic
856 3960 949 4026 utitur
970 3917 1136 4028 Adamas,
1151 3975 1238 4015 non

136 4040 173 4100 ιιι
193 4055 346 4119 nunqnam
368 4041 467 4106 alii:

385 4163 603 4222 ierusalemet
626 4163 698 4221 Sion
718 4164 802 4221 filiae

378 4250 498 4308 xCoetus
522 4251 624 4306 omnes
647 4249 789 4307 coeleetis
811 4249 913 4307 cuniae

334 4411 336 4416 Χ
385 4334 535 4411 Hymnum
556 4340 671 4410 pangat
691 4333 778 4412 iugis
791 4333 925 4392 lacunae
988 4357 1004 4377 ··

255 4416 263 4424 ’
496 4421 645 4480 Alleluia·
957 4442 965 4448 ·
