2728 5028
581 430 646 510 sir

406 601 475 673 nc
494 604 591 688 oirpo
613 603 701 670 coeii
720 621 814 670 core.

296 707 380 760 Thes.
398 702 430 761 11,
451 722 477 772 p.
497 705 555 758 337.
590 703 634 758 De
652 695 783 758 Adventu
801 702 922 756 Domini.
982 723 991 748 ι

169 817 308 876 Hdischer
329 816 587 876 Niederdeutsche
610 817 758 876 Gediehte
780 835 809 892 p.
826 817 897 876 255.
921 815 1147 876 translationem

99 901 255 963 Germaniae
275 905 422 962 inferioris
445 903 572 980 eeribet.
1146 951 1150 956 .

512 1069 713 1077 *oa--o--w—

290 1166 320 1235 0
340 1141 400 1236 tor¹
412 1165 604 1254 fecundas,
628 1165 726 1234 οἷον
746 1165 935 1232 iucundae.

404 1267 542 1351 Thcs311.
565 1285 591 1335 p.
609 1268 666 1320 339.
702 1265 820 1340 Natalis.

123 1441 128 1452 ,
167 1381 280 1440 Trench
302 1401 332 1458 p.
359 1381 430 1442 103:
479 1382 548 1438 This
564 1388 668 1456 pretty
684 1398 785 1455 poetri,
820 1381 872 1452 for
892 1383 918 1437 it
938 1388 1044 1437 cannot
1064 1379 1146 1436 claim

94 1478 142 1539 aoy
161 1467 260 1542 kicher
283 1471 354 1536 title,
378 1470 404 1524 is
425 1468 568 1542 certainly
590 1467 628 1538 of
644 1485 680 1522 no
703 1483 773 1540 very
795 1469 877 1539 early
889 1467 969 1533 date,
993 1483 1047 1522 cau
1069 1484 1148 1522 scar-

4 1549 6 1562 '
93 1552 146 1625 0er
166 1553 197 1609 be
218 1556 325 1612 earlier
348 1555 416 1610 thart
439 1553 486 1609 tlte
511 1552 646 1624 fistecntd
675 1561 813 1625 century,
852 1552 1146 1624 crudilissimam,
1264 1623 1268 1631 x

92 1637 118 1707 if
124 1637 142 1693 I
157 1657 199 1694 cm
221 1631 302 1714 riqist
323 1642 358 1704 iu¹
375 1657 421 1713 my
443 1639 616 1710 conjecture,
641 1645 668 1694 to
690 1656 708 1693 α
718 1638 918 1711 periodeutes
935 1638 983 1693 the
996 1638 1148 1709 formatus
1241 1635 1249 1649 '

93 1721 123 1792 of
136 1725 313 1798 inspiration,
336 1731 369 1780 at
389 1725 464 1792 lecet
484 1724 522 1795 of
539 1724 602 1779 that
622 1725 795 1797 inspirationi
817 1723 908 1779 coticis
930 1723 984 1779 itas
1005 1725 1090 1796 picen
1113 1741 1148 1778 us

92 1807 132 1863 tic
149 1819 233 1882 preat
253 1811 395 1868 medicus!
415 1810 526 1882 hymno,
548 1827 625 1866 mere
646 1803 716 1883 very
739 1811 841 1882 nearly
863 1808 1033 1876 exhausted

512 1974 714 1984 ..m-..W

436 2071 523 2140 Dice
553 2077 609 2140 est
627 2073 791 2140 [achtine.

418 2172 463 2226 De
501 2173 655 2228 Nativitatc
690 2173 811 2227 Domini.

143 2287 212 2346 Dies
235 2295 285 2364 est
306 2289 452 2354 laetitiae:
678 2288 834 2346 castitatis
855 2287 949 2346 lilium

25 2375 29 2382 ’
142 2391 208 2432 nam
229 2375 382 2450 processit
403 2372 492 2430 hodie
549 2398 555 2406 ·
676 2375 795 2448 peperit
815 2391 893 2430 nune
919 2374 1020 2440 tilium,

13 2523 20 2532 ἵ,
115 2462 118 2473 “
143 2459 290 2520 Christus·
303 2477 355 2518 rex
378 2458 415 2518 de
438 2460 562 2534 virgine,
679 2459 839 2527 Christum,
864 2459 940 2516 coeli
956 2457 1122 2527 dominum,
1195 2483 1198 2489 ·

154 2557 159 2566 “
229 2548 296 2604 sine
318 2547 395 2604 rire!
637 2579 643 2586 -
769 2547 832 2602 sine
853 2546 931 2603 uiro!

1 2638 18 2709 '-
104 2627 249 2688 iiicho:
284 2631 353 2688 Sine
375 2621 452 2690 viro!
482 2632 600 2706 virgula
618 2630 655 2689 15
678 2630 788 2705 Echo:
820 2631 888 2686 Sine
911 2631 989 2688 viro!
1019 2631 1136 2704 virgula

236 2718 275 2774 de
299 2717 372 2774 flore
394 2715 482 2772 modo
505 2719 592 2772 miro!
774 2715 811 2770 de
833 2716 906 2772 flore
929 2713 1017 2770 modo
1041 2717 1127 2771 miro!

51 2863 55 2873 ·
141 2835 238 2894 Natus
265 2842 313 2908 est
335 2837 488 2904 Emanuel,
680 2835 741 2892 Res
764 2833 897 2894 miranda
920 2833 1063 2891 creditur:
1144 2885 1149 2895 .

51 2983 57 2995 „
142 2941 230 2998 quem
253 2922 402 2999 praedixit
425 2921 557 2980 Gabriel!
678 2923 763 2994 virgo
787 2921 859 2978 nihii
881 2919 1021 2978 laeditur:

139 3007 178 3066 Ut
201 3014 335 3066 testatur
355 3008 469 3069 Daniel,
675 3007 805 3064 Verbum
827 3008 905 3069 hanso
927 3005 1101 3082 ingreditur.

35 3161 39 3166 ¹
232 3097 298 3152 sine
320 3095 396 3151 viro!
769 3095 832 3150 sine
854 3081 931 3151 viro!
1004 3142 1009 3150 .
1111 3155 1114 3158 ,

85 3177 119 3236 10
139 3179 252 3238 Echo:
286 3180 356 3260 Sine
378 3177 455 3236 uiro!
485 3179 659 3254 virgula20
680 3179 790 3236 Echo:
821 3179 891 3236 Sine
912 3180 990 3238 viro!
1010 3177 1137 3254 ‘virgula

155 3267 159 3274 ’
237 3267 277 3332 de
299 3267 372 3324 tiore
396 3264 484 3322 modo
506 3266 593 3337 miro!
655 3269 661 3284 “
774 3264 811 3322 de
834 3266 908 3322 flore
930 3263 1018 3322 modo
1041 3265 1128 3322 miro!

437 3387 527 3459 Virgo
549 3390 654 3453 mater,
677 3387 779 3442 nescia

438 3472 639 3544 corruptelae,
664 3473 760 3546 gratia

439 3557 565 3630 Spiritus
588 3557 622 3612 tit
644 3556 769 3632 gravida

532 3644 595 3700 sinc
617 3645 693 3700 virui

160 3729 202 3788 25
226 3727 340 3816 Echo:
365 3727 434 3785 Sine
455 3729 533 3786 siro!
556 3729 674 3804 virgula
697 3727 733 3785 de
755 3728 829 3785 flore
850 3725 938 3784 modo
961 3681 1048 3784 miro!

161 3841 297 3905 Multum
326 3834 419 3904 habet
454 3862 574 3904 ‘carmen
600 3847 839 3906 necessitudinis
870 3864 936 3905 cum
966 3847 1042 3916 aiio,
1062 3835 1154 3922 'quod

4 3981 5 3984 ,
78 3930 186 4007 iegitur
218 3932 303 4009 apud
332 3931 464 3992 Munium
485 3933 507 3989 Ι.
536 3953 565 4008 p.
590 3933 629 3994 65
649 3933 723 4004 ι(Ηε.
753 3933 806 3991 der
836 3931 1088 3990 Stadtbibliothek
1117 3951 1154 3990 zu

6 4083 14 4100 .
79 4015 160 4076 Trier
183 4019 234 4078 15.
251 4018 377 4086 Jahrb).
414 4019 506 4076 Immo
529 4037 596 4076 cum
618 4019 737 4076 Munius
760 4039 819 4078 non
834 4021 983 4094 integrum
1005 4020 1153 4075 canticum

76 4104 234 4176 praebeat,
260 4107 390 4162 sortasse
418 4105 551 4162 Moniani
588 4107 726 4163 carminis
767 4105 915 4181 scriptura
948 4111 995 4162 est
1024 4105 1151 4166 varians.

77 4187 176 4248 Echus
202 4198 309 4248 tamen
332 4192 509 4274 significatio
533 4193 708 4248 recentioris
732 4193 797 4251 aevi
820 4193 899 4268 sapit
920 4189 1058 4248 indolem.

588 4319 590 4326 ι

520 4343 720 4356 W
