2732 5026
359 594 490 666 nausa
506 595 623 682 ficietis
645 597 775 666 conss

292 700 376 754 Thes.
394 698 418 754 1.
434 715 461 767 p.
478 699 535 756 302
571 697 615 752 De
633 698 739 766 §pines
756 697 876 752 Corona.

115 825 335 888 Laudantem
358 829 462 886 eoneio
523 860 529 882 ι
646 829 724 886 Dum
747 829 898 904 spinarum
920 829 1057 888 aculeum

116 917 216 992 spinae
232 915 411 991 trophaeum
425 914 623 990 inclytumiss
647 913 784 972 Christus
806 932 861 989 pro
883 913 968 972 nobis
984 914 1116 988 pertulit,

113 1018 165 1078 per
187 1017 280 1076 quam
301 1002 379 1076 perit
401 999 529 1076 perditio
647 1017 704 1076 per
727 998 863 1057 diadema
886 1001 1021 1076 spineum

97 1088 254 1164 uitaeque
276 1085 366 1144 datur
388 1088 533 1147 meritum.
648 1087 728 1144 vitae
751 1102 891 1144 eoronam
914 1087 1047 1144 contulit.

79 1205 95 1264 5
113 1205 172 1264 Nos
195 1223 216 1263 s
236 1208 393 1280 puncturis
415 1206 524 1264 liberet
649 1204 778 1262 Plaudet
799 1203 888 1263 turbe
908 1204 1049 1275 fidelium,

105 1293 227 1350 sotumi
248 1294 346 1366 petris
366 1291 455 1360 filius,
650 1290 731 1366 qnod
753 1307 808 1366 per
830 1278 934 1366 suinae
960 1291 1119 1350 ludibrium

115 1375 182 1434 dum
205 1379 300 1452 spinis
322 1379 417 1453 pungi
438 1378 549 1438 toleret
588 1375 625 1435 15
647 1369 760 1452 purget
782 1381 900 1434 creator
922 1374 1051 1435 omnium

115 1465 267 1538 spinarum
290 1463 396 1537 eulpae
418 1465 547 1521 nescius.
652 1465 760 1538 spineti
779 1465 875 1539 nostri
896 1463 1008 1522 vitium.

316 1583 397 1640 Laus
421 1581 540 1642 Christo
562 1583 628 1657 regi
650 1583 764 1658 gloriae
787 1587 843 1640 etc.

115 1691 227 1746 Monius
246 1693 435 1761 inscriptura
464 1691 569 1760 Hymni
595 1693 793 1748 constituenda
815 1708 849 1744 ex
875 1692 976 1746 iisdem
993 1693 1119 1746 fontibus

62 1758 142 1813 hausit
161 1766 249 1828 atque
266 1763 296 1814 in
313 1761 503 1829 praecedenti.
524 1761 574 1827 (M)
610 1761 691 1814 Brev.
710 1759 879 1830 Hispalense
898 1761 973 1828 apud
991 1759 1118 1816 Nealium

59 1826 108 1882 ie.
124 1847 152 1898 p.
171 1831 229 1885 129.
249 1830 298 1896 (H)
333 1831 416 1884 Brev.
435 1828 661 1883 Constantiense.
680 1829 730 1897 (D)

130 1943 161 2000 1.
184 1943 226 2000 Μ.
249 1945 459 2017 praemium.
497 1941 558 2000 Sed
579 1945 609 2000 iu
632 1941 766 2000 omnibus
782 1941 865 2000 libris
888 1943 951 2000 suis
965 1943 1040 2016 legit
1054 1959 1119 1999 me·

58 2027 168 2084 ritum:
192 2031 223 2086 in
245 2047 304 2086 uno
328 2025 468 2086 seeund‘rs
491 2031 569 2086 curis
593 2033 760 2086 correctum
781 2045 830 2103 pr.
867 2027 928 2084 Der
949 2036 1050 2102 strena
1073 2030 1119 2084 be·

12 2139 16 2150 ·
59 2113 198 2172 otaehtete
218 2115 302 2172 Reim
323 2115 543 2174 dissertiores
562 2115 680 2187 fordert
699 2117 840 2182 meritum,
863 2131 923 2172 was
944 2115 1013 2171 aber
1035 2115 1118 2170 einen

57 2199 178 2274 sctiefen
201 2199 280 2258 Sine·
294 2203 376 2276 qtbe.
414 2201 547 2258 Mentem
568 2189 729 2260 v.1).'n0n
748 2199 905 2276 ‘essequon
929 2198 957 2258 5.
973 2200 1009 2256 Η.
1034 2215 1118 2257 eum.

268 2427 389 2499 Petris
411 2381 743 2517 supreminentem
766 2430 894 2498 stema.

275 2531 360 2586 Thes.
376 2531 398 2584 I.
416 2549 444 2599 p.
461 2533 519 2586 337.
553 2531 598 2585 De
620 2531 894 2590 PassioneDornini.

129 2659 297 2720 Adiieimus
318 2661 413 2720 Monii
441 2664 617 2721 varietatem
647 2661 679 2730 (1.
702 2683 731 2738 p.
754 2661 823 2722 106
854 2661 925 2738 sq.):
969 2661 998 2723 2.
1021 2659 1118 2719 Chri-

13 2741 15 2750 ’
55 2749 125 2804 stus
146 2749 267 2806 Iesus.
292 2747 320 2806 3.
344 2753 379 2804 et
401 2750 500 2805 notis
524 2747 635 2805 derel.
662 2749 695 2821 fi.
719 2746 905 2817 veuditus,
929 2747 1019 2804 trad.
1042 2747 1116 2802 affl.

55 2829 79 2888 7.
99 2835 206 2892 eollo.
238 2834 266 2892 8.
290 2839 541 2908 conspuentes
563 2835 693 2892 faeiem
712 2839 750 2890 ut
772 2838 828 2892 est
849 2833 1118 2910 prophetatum.

16 2917 196 3002 Ι11051).
221 2937 332 2976 snum.
387 2919 433 2980 12.
457 2920 529 3000 sert
551 2918 700 2976 trabem
721 2919 757 2976 in
780 2920 874 2976 hum.
936 2919 1118 2978 13.Iesus

54 2999 140 3061 hora
163 3010 282 3062 sexta
302 3010 368 3061 est.
429 3005 589 3063 11-16,
616 3023 710 3079 prae
739 3007 950 3062 tormentis
973 3006 1118 3064 sitiens

55 3088 142 3148 felle
165 3095 231 3148 est
251 3095 433 3166 potatus,
461 3091 640 3166 pendens
673 3109 754 3148 eum
782 3091 1008 3150 latronibus
1038 3107 1119 3148 eum

56 3176 104 3232 eis
126 3175 361 3255 deputatus,
386 3177 555 3234 sinister
578 3195 656 3233 eum
683 3177 860 3252 reprobat
885 3177 980 3234 latro
1005 3177 1138 3234 seele-·

55 3265 158 3320 retus.
203 3263 250 3322 19.
275 3264 358 3321 eius
381 3261 637 3320 latuslaneea.
676 3264 725 3324 24.
748 3261 932 3321 ineethie.
970 3263 1020 3323 16.
1044 3279 1118 3320 eor·

54 3362 112 3418 pus
132 3347 410 3407 Iesu-vitae
434 3365 528 3424 spes.
579 3349 629 3408 27.
652 3349 858 3426 inplentur.
903 3351 952 3409 28.
981 3351 1030 3405 sit
1050 3364 1119 3404 me·

54 3435 188 3492 moriae
210 3451 310 3491 mors
333 3433 424 3491 haee
447 3439 536 3491 tuae
558 3452 674 3492 curae.
713 3435 762 3494 30.
787 3436 856 3492 tibi
877 3434 970 3491 Iesu.
1005 3433 1116 3491 81.32.

55 3518 150 3576 sieut
172 3526 211 3577 tu
232 3535 370 3594 passus
393 3537 431 3576 es
453 3537 589 3596 poenas
612 3522 793 3596 magone,
817 3521 872 3577 sie
892 3519 1016 3576 labore
1040 3535 1119 3574 con-

55 3619 183 3662 sensus
204 3623 362 3664 consors
385 3607 451 3662 sim
481 3621 646 3664 coronae.
694 3605 831 3662 Aeeedst
859 3605 1010 3679 scripturn
1031 3603 1118 3661 Brev.

55 3686 301 3750 cmstanuensis:
325 3693 354 3751 2,
372 3691 680 3750 Christnshomo.
704 3693 732 3750 3.
756 3697 794 3748 et
815 3691 932 3748 notis.
962 3689 992 3748 4.
1008 3687 1117 3748 vend.

53 3775 136 3832 tren
182 3777 210 3836 5.
235 3776 413 3844 dominnm
443 3775 587 3834 ducunt.
635 3779 681 3834 11.
705 3781 814 3852 eaput
844 3789 951 3834 suum.
998 3776 1117 3834 1115.

53 3875 136 3934 prae
158 3866 356 3924 tormentis
373 3863 506 3920 sitiens
529 3863 617 3920 selle
634 3868 840 3932 saturatus,
863 3860 1025 3938 pendens
1042 3876 1119 3919 eum

52 3943 261 4008 latronibus
285 3951 337 4006 eis
360 3948 568 4024 deputatus.
594 3948 641 4006 16.
664 3951 820 4008 sinister
842 3965 919 4005 eum
941 3948 1119 4024 reprobat

52 4028 144 4090 latro
167 4035 387 4093 sceleratus.
432 4035 700 4095 zleiaeethie.
746 4033 796 4095 20.
819 4035 917 4092 vitre
941 4051 1035 4108 spes.
1066 4035 1118 4094 28.
1189 4107 1191 4112 Ι

51 4112 140 4176 haee
163 4126 252 4179 tuse
270 4135 391 4180 surse.
415 4120 524 4181 1636.
547 4122 590 4178 uti
612 4121 643 4176 in
663 4121 756 4178 Menii
770 4121 855 4178 libro.
893 4119 986 4178 Nesie
1009 4120 1119 4193 Hymni
1225 4131 1236 4146 ·

51 4219 77 4276 p.
100 4204 171 4264 138.
191 4223 248 4282 per
270 4207 486 4266 eenieetursm:
516 4211 555 4264 ut
577 4201 740 4264 sient'tu
762 4223 896 4281 pessus
919 4220 958 4262 es
980 4221 1118 4280 poenas

50 4287 82 4345 in
103 4306 234 4365 agone,
266 4307 436 4361 consors,
465 4297 586 4350 tecum
617 4291 833 4362 condolens,
864 4294 928 4350 sim
950 4295 1035 4370 tuane
1059 4307 1118 4348 eo·

50 4391 169 4436 ronne.
