2732 5026
588 429 653 504 alt

93 613 116 672 3.
134 611 200 670 Hae
221 609 393 688 quindecim
416 597 561 687 strophae
583 614 751 670 arctissime
774 613 906 672 interae
930 613 1101 672 cohaerent.
1129 615 1154 673 1.

92 699 116 760 2.
135 697 186 754 Nil
208 695 358 754 dulcius
387 702 436 754 est
455 697 535 754 Iesu.
579 698 669 756 Mane
698 701 790 774 igitur
817 695 973 774 nobiscum
1002 706 1032 758 et
1053 703 1157 776 reple

91 801 137 840 nos
158 787 215 840 tua
237 781 448 843 dulcedine.
493 785 522 844 2.
546 783 574 842 3.
606 783 793 862 Quamquam
822 786 973 859 repleti,
1003 792 1104 844 tamen
1126 793 1157 846 te

91 885 201 942 semper
224 869 372 928 esurimus
396 875 427 926 et
450 870 575 938 sitimus,
606 875 637 928 te
668 887 787 944 semper
812 869 1083 928 desideramus.
1129 873 1156 932 3.

89 954 179 1012 blm
201 958 234 1010 et
248 967 306 1030 ego
329 960 360 1012 te
383 953 730 1032 desidero—quando
745 957 868 1014 venies?
905 957 933 1014 4.
951 957 979 1014 5.
1003 954 1095 1016 Venis
1118 957 1157 1014 ad

89 1056 184 1096 omnes
208 1041 260 1116 qui
283 1039 356 1096 nihil
370 1045 491 1113 practer
512 1046 543 1098 te
566 1040 693 1116 diligunt
708 1046 740 1098 et
761 1047 949 1116 quaerunt.
987 1043 1015 1100 5.
1040 1042 1068 1102 6.
1091 1043 1156 1117 Ego

89 1129 115 1182 te
133 1141 275 1200 quaero
296 1125 427 1182 lacrimis
450 1130 482 1182 et
502 1127 605 1182 intimo
628 1131 738 1184 amore.
797 1126 824 1185 6.
847 1127 875 1184 7.
900 1127 925 1184 O
948 1128 1075 1196 felicem,
1105 1129 1157 1203 qui

88 1215 114 1268 te
132 1209 309 1287 quaerendo
331 1211 486 1269 invenerit.
530 1210 558 1270 7.
574 1213 603 1270 8.
625 1212 656 1268 Si
679 1225 736 1286 ego
758 1217 789 1268 te
811 1213 982 1281 invenerim,
1005 1230 1157 1288 nunquam

88 1301 149 1354 ate
174 1296 349 1370 separabor.
394 1295 472 1352 Sane
495 1301 528 1354 tu
550 1299 579 1354 in
607 1298 724 1354 coelum
745 1297 869 1365 tolleris,
901 1297 955 1356 sed
985 1316 1156 1356 cormeum

87 1383 225 1440 11111ιί11
248 1381 430 1440 coelestibus
454 1386 510 1438 est.
555 1383 669 1442 9-11.
695 1383 850 1440 Occurrite
872 1385 973 1458 angeli
994 1384 1049 1442 Dei
1073 1384 1156 1444 Chri·

89 1472 129 1524 sto
151 1466 193 1526 ad
217 1467 320 1526 coelos
342 1466 533 1540 ascendenti:
565 1474 595 1526 et
618 1485 790 1526 cormeum
812 1468 912 1526 choris
934 1471 1043 1528 vestris
1065 1472 1155 1528 inter·

87 1551 150 1610 dum
173 1553 293 1610 accinit.
337 1552 499 1610 Precemur
521 1571 624 1612 omnes
648 1554 813 1620 Christum,
842 1559 877 1610 ut
905 1571 960 1612 nos
983 1572 1039 1612 sua
1060 1555 1156 1630 gloria

85 1639 134 1696 frui
157 1637 315 1696 concedat.
943 1649 949 1654 “

163 1724 250 1790 Tum,
274 1722 356 1798 quod
378 1722 417 1780 ad
439 1724 559 1782 titulum
580 1726 688 1782 attinet
710 1730 741 1782 et
761 1727 942 1806 primitivum
957 1743 1044 1782 usum
1065 1726 1154 1784 huius

85 1811 282 1886 antiquissimi
303 1809 416 1884 hymni,
439 1811 468 1866 in
492 1809 632 1883 operibus
649 1811 678 1866 S.
695 1811 862 1868 Bernhardi
883 1817 967 1868 recte
981 1813 1156 1886 inscriptum

86 1897 200 1952 siesse
224 1896 375 1952 cxisbmo:
399 1895 539 1952 Iubilus
568 1895 825 1969 Rhythmicus.
870 1896 909 1954 In
939 1896 1155 1956 Commemo-

84 1983 261 2038 rationem
281 1979 714 2039 DominicaePassionis.
758 1981 1155 2038 lubilienimnominema·
1244 2021 1250 2028 -

84 2067 188 2124 nifesto
203 2065 361 2134 indicatur,
385 2065 423 2122 de
452 2072 595 2142 superata
615 2066 770 2136 Passione,
792 2067 843 2124 vel
864 2069 964 2140 potius
988 2065 1025 2122 de
1049 2067 1154 2140 gloria,

84 2169 157 2226 quae
182 2169 220 2208 ex
240 2152 292 2209 illa
313 2153 455 2226 passione
479 2154 565 2227 quasi
588 2153 651 2208 eius
674 2153 789 2208 fructus
811 2158 883 2210 nata
905 2157 961 2220 est,
986 2168 1154 2209 sermonem

83 2239 152 2294 lieri.
190 2237 280 2294 Certe
303 2255 363 2294 non
378 2237 500 2294 dubium
514 2236 641 2306 videtur,
664 2237 722 2294 hoc
745 2239 875 2294 11111111
898 2239 1005 2312 attingi
1026 2237 1154 2310 pascha·
1201 2249 1205 2266 ¹

83 2323 140 2380 lem
161 2323 319 2380 historiam
335 2327 365 2378 et
381 2325 615 2380 communionem
637 2323 793 2397 paschatis
816 2330 950 2397 tempore
973 2322 1077 2380 haberi
1107 2340 1155 2380 so·
1190 2322 1194 2329 ’

83 2408 171 2464 litam.
215 2407 338 2466 1111.
362 2409 413 2475 24,
436 2408 486 2468 29.
532 2408 790 2476 21112111.
831 2409 1018 2476 aurore,
1045 2408 1092 2466 13.

166 2493 259 2567 Origo
282 2498 382 2550 autem
403 2493 492 2550 huius
515 2495 713 2568 antiquissimi
736 2495 839 2568 hymni
862 2495 890 2551 S.
907 2492 1081 2550 Bernhardo
1104 2493 1155 2550 tri-

83 2577 202 2638 buenda
224 2580 264 2636 111
285 2595 380 2636 necne
404 2584 487 2636 certo
511 2581 606 2638 evinci
628 2579 711 2636 haud
732 2581 864 2654 potuerit
872 2577 905 2645 *1.
943 2581 1053 2638 Verum
1076 2596 1153 2646 esse,

84 2663 163 2740 quod
185 2663 223 2721 de
245 2681 281 2722 eo
304 2664 427 2722 Mabillo
449 2663 650 2739 praedicavit:
675 2665 798 2736 „Sancti
819 2665 957 2722 Doctoris
979 2681 1086 2722 renam
1108 2682 1155 2722 sa·

83 2743 157 2824 pit“,
180 2767 267 2808 nemo
290 2750 472 2808 initiabitur.
517 2751 556 2808 Et
588 2765 680 2824 opera
710 2749 739 2806 S.
763 2749 929 2806 Bernhardi
957 2750 1057 2806 multis
1080 2751 1154 2806 locis

85 2835 225 2909 hymnum
239 2842 392 2892 resonant.
430 2835 491 2894 Sed
513 2835 570 2894 hac
591 2838 658 2910 ipsa
679 2852 712 2891 re
736 2853 771 2892 ex
793 2835 889 2892 altera
909 2840 996 2908 parte
1009 2835 1073 2892 fieri
1088 2839 1155 2908 pot·

85 2927 138 2988 est,
161 2927 194 2978 ut
216 2922 312 2979 critici
334 2939 393 2976 non
415 2922 584 2978 inconsulto
616 2919 783 2978 iudicantes
814 2938 831 2976 a
860 2937 930 2978 vero
961 2919 1152 2978 seducantur.

84 3005 223 3064 Permulti
246 3008 324 3063 enim
345 3007 447 3080 hymni
464 3005 627 3064 secundum
649 3007 733 3062 locos
755 3006 854 3086 Patris
878 3005 1015 3074 confecti,
1046 3010 1155 3080 postea

84 3093 140 3166 ipsi
160 3091 242 3148 Patri
264 3092 400 3150 attributi
423 3097 502 3148 sunt.
549 3092 597 3148 Sic
627 3094 693 3166 ipse
724 3093 880 3166 speciosus
909 3092 959 3149 ille
988 3090 1155 3151 Bernhardi

13 3239 15 3246 ,
85 3177 166 3234 locus
188 3176 225 3234 de
249 3179 367 3234 nonune
380 3178 459 3234 lesu
480 3179 516 3256 1¹¹,
534 3177 617 3236 Cant.
642 3177 735 3234 Serm.
762 3178 808 3236 15.
833 3178 953 3236 saeculo
976 3177 1038 3234 XV.
1063 3192 1155 3234 causa

88 3264 215 3321 extitisse
229 3268 342 3337 potest,
357 3269 588 3338 propterquam
602 3265 743 3336 prolixior
759 3263 796 3320 dc
808 3265 925 3319 nominc
940 3263 1011 3320 Iesu
1024 3263 1153 3336 hymnus

87 3349 174 3420 ipsius
204 3365 274 3406 esse
304 3355 469 3424 putaretur.
523 3349 631 3423 Utique
661 3350 793 3422 suspicio
821 3354 957 3406 movetur
987 3365 1041 3426 eo,
1073 3345 1155 3421 quod

89 3439 152 3492 ante
172 3433 303 3492 medium
332 3436 485 3492 sacculum
514 3434 590 3491 XIV.
622 3435 686 3490 eius
715 3434 818 3506 hymni
847 3435 929 3490 nulla
957 3449 1085 3506 usquam
1107 3437 1155 3490 est
1182 3479 1183 3484 ,

89 3521 199 3578 mentio.
247 3519 344 3588 Quam
372 3521 466 3576 multa
499 3521 630 3576 carmina
659 3521 798 3594 aequiore
827 3535 902 3578 aevo
926 3519 954 3576 0.
978 3516 1153 3574 Bernhardo

90 3605 233 3662 attributa
246 3605 365 3674 luerint,
389 3604 583 3682 cognoscitur
606 3623 622 3661 e
644 3605 745 3660 Monio
768 3604 790 3659 1.
814 3623 842 3678 p.
865 3603 928 3684 Ι172
951 3622 1005 3677 sq,
1029 3604 1080 3678 qui
1102 3619 1155 3660 sex

91 3691 212 3748 carmine
234 3697 389 3750 enumerat
412 3709 428 3746 e
451 3691 507 3748 Ms.
529 3691 778 3748 Reichenaviensi
800 3689 855 3745 No.
873 3689 923 3756 36,
946 3689 1004 3746 hoc
1027 3689 1057 3746 in
1079 3687 1154 3746 libro

90 3773 364 3834 Bernhardinomen
380 3777 626 3852 sibiarrogantia,
643 3775 698 3832 sed
714 3776 888 3850 ceteroquin
903 3792 1027 3848 prorsus
1042 3775 1154 3850 ignota.

150 3973 171 4039 *l
190 3971 218 4026 S.
236 3971 432 4026 Bernhardum
445 3971 585 4038 poeticam
600 3974 689 4024 artem
708 3969 820 4023 omnino
835 3969 996 4022 exercuisse
1009 3968 1071 4022 iure
1089 3967 1154 4021 inde

91 4040 233 4110 colligitur,
252 4041 329 4122 qued
347 4040 374 4094 ei
392 4039 494 4094 Petrus
513 4039 605 4092 Beren
628 4039 703 4092 arius
718 4038 823 4100 obiicit,
843 4038 960 4091 eum'ab
975 4038 1155 4092 adolescente

90 4105 286 4178 inpangcudrs
304 4107 452 4176 poematis,
473 4109 589 4162 sednon
606 4055 735 4168 ielioiter,
755 4111 899 4160 versatum
911 4121 989 4159 esse:
1010 4105 1155 4168 ‚mentiun-

91 4177 160 4230 culas
177 4177 303 4232 mimicas
322 4183 351 4232 et
369 4178 494 4230 urbanos
512 4175 641 4228 modulos
659 4176 825 4228 fictitasse.“
854 4175 917 4240 Qua
935 4174 1012 4226 inre
1032 4173 1155 4226 animad-

91 4247 249 4300 vertendum
267 4249 320 4307 est,
339 4243 497 4298 adversarii
515 4243 592 4298 dicta
610 4261 627 4296 a
646 4243 817 4298 carminibus
835 4243 999 4296 Bernhardo
1023 4240 1154 4308 sequior-e
1193 4302 1197 4307 ῃ

92 4313 348 4377 1111111111111111,
368 4313 393 4366 11
411 4315 542 4366 acerbum
561 4312 597 4366 de
615 4313 658 4366 bis
676 4311 810 4366 iudicium
833 4311 979 4364 serendum
998 4311 1056 4369 est,
1080 4306 1155 4359 nulla

93 4391 124 4431 0¹
139 4385 217 4450 parte
235 4384 383 4438 obsonare.
427 4387 432 4392 ’
