2904 5028
687 425 752 498 w
798 427 800 430 .

380 601 386 606 ’
411 610 552 666 Haeresis
575 609 644 665 forti
666 609 724 666 hoc
747 609 823 665 duce
846 608 1029 666 Tanchelina

412 713 462 752 ore
484 695 659 768 blasphemo
683 712 769 751 secra
790 695 952 769 polluentis

411 783 492 838 victa
515 779 595 855 apud
616 781 741 856 Belgas;
766 782 853 838 simul
876 786 908 837 et
927 781 1062 854 tyrannis

542 868 632 940 impia
655 865 743 922 cedit.

348 1020 388 1080 25
411 1021 540 1095 Virginis
564 1021 653 1076 sumit
675 1021 788 1078 monitu
809 1019 922 1076 Mariae

412 1104 568 1161 candidam
589 1109 718 1173 vestem3
741 1104 823 1163 videt
837 1105 1062 1180 Hipponensem

411 1189 586 1248 Praesulem
608 1207 710 1247 sacros
734 1190 790 1246 sibi
813 1189 965 1247 codicillos

542 1278 597 1332 rite
620 1277 772 1332 ferentem.
880 1323 884 1326 .

411 1431 494 1501 Quos
518 1435 548 1486 et
570 1429 686 1486 oblatos
710 1431 806 1486 animo
828 1429 942 1486 lubenti
1027 1473 1030 1478 .

348 1517 389 1576 30
411 1517 698 1591 pontifexsummus
720 1517 827 1589 recipit
848 1515 1031 1590 probatque!

223 1613 226 1622 ’
303 1661 307 1665 ,
411 1595 705 1678 Magdeburgensem
728 1601 815 1657 simul
838 1605 868 1657 et
890 1602 996 1656 tiaram

543 1703 660 1743 sumere
683 1688 772 1761 cogit.

413 1841 457 1898 Sit
479 1841 542 1897 Deo
566 1845 669 1897 nostro
693 1838 784 1896 decus
808 1845 839 1896 et
860 1843 1006 1914 potestas,
1025 1853 1029 1860 ’

412 1929 451 1983 sit
474 1927 555 1983 salus
577 1943 696 2000 perpes,
721 1927 759 1982 sit
780 1925 876 1980 honor
894 1924 1046 1998 perennis,

346 1999 385 2070 35
408 2013 458 2087 qui
480 2011 541 2087 poli
562 2028 676 2068 summa
698 2010 811 2068 residet
831 2012 861 2066 in
884 2002 953 2067 arce
1049 2041 1051 2044 ·

542 2099 636 2154 trinus
661 2101 691 2154 et
712 2114 798 2152 unus.

427 2417 430 2420 .
477 2356 656 2427 Nordcrle
675 2364 781 2448 pater
803 2361 962 2444 tationis.

413 2460 457 2514 De
477 2461 504 2514 S.
522 2459 672 2515 Norberto.
707 2462 788 2514 Brev.
807 2461 1028 2516 Prasmonstrat.
1066 2468 1074 2476 '

205 2571 210 2583 '
250 2574 398 2632 Norberte
420 2573 511 2632 Pater
532 2577 667 2650 insignis,
787 2575 849 2634 Hic¹
867 2579 914 2630 est
937 2572 1000 2632 dies
1024 2580 1070 2632 ter
1091 2574 1208 2642 beatus,

252 2666 322 2719 vota
344 2665 447 2716 nostra
470 2662 599 2734 suscipe,
700 2660 764 2720 ,20
788 2665 818 2716 et
841 2661 955 2716 cunctis
979 2659 1128 2734 optabilis,

252 2752 283 2804 ct
304 2749 334 2804 in
357 2745 478 2802 sedibus
500 2745 596 2804 beatis
786 2737 845 2820 quo
865 2745 1030 2802 Norbertus
1052 2737 1257 2819 praesul'san-

251 2834 298 2888 fac
321 2837 390 2888 tuos
414 2833 578 2906 quiescere,
596 2865 615 2899 .·
674 2837 677 2840 ⁴
1080 2836 1145 2887 ctus
1187 2881 1200 2899 ,

208 2918 227 2977 5
251 2920 302 2994 qui
325 2917 506 2974 coelestibus
529 2917 657 2992 potiris,
786 2917 889 2972 laurea
911 2916 1073 2984 redimitur,

250 3022 305 3060 nos
328 3003 454 3060 terrenis
475 3004 565 3076 cn'pc.
785 3007 876 3076 atque
900 3001 1006 3058 throno
1035 3003 1141 3058 summi
1163 3001 1255 3077 Regis
1271 3002 1298 3020 '‘

393 3158 430 3170 ,,
496 3158 518 3174 ¹,
785 3089 915 3163 gloriose
939 3089 1060 3144 sistitur.

250 3157 296 3299 {lu
307 3157 525 3299 ἕὲἑζιῖιθξὲἒ
543 3156 648 3309 cfilssplfg'
722 3206 761 3266 25
785 3207 952 3264 Adiunctus
976 3213 1022 3263 est
1048 3207 1221 3282 patriarcha

187 3388 189 3392 .
251 3334 284 3385 tu
305 3329 440 3385 veritatis
463 3333 604 3395 assertor,
786 3294 885 3381 ⁰¹¹,⁰¹‘¹⁸
908 3293 1090 3367 al³⁰⁸i011018‚

191 3416 228 3474 10
251 3411 368 3471 candidi
392 3413 533 3486 splendor
556 3418 670 3481 coctus,

247 3499 449 3574 'cupiditatum
472 3499 607 3564 domitor,

250 3586 319 3643 bino
343 3586 441 3642 clarus
465 3590 630 3642 stemmate.

765 3467 815 3520 ‘in
839 3465 973 3521 obscuris
996 3461 1137 3532 tenebris

730 3572 734 3576 ’
787 3550 918 3607 hostium
932 3549 1053 3606 fraudes
1077 3555 1107 3606 et
1129 3549 1255 3606 technas

724 3635 765 3694 30
789 3637 851 3692 suis
874 3637 996 3694 vincens
1018 3637 1140 3701 meritis,

713 3391 717 3399 “
786 3381 837 3454 qui
854 3391 975 3453 semper¹
987 3379 1070 3435 fulsit
1092 3385 1125 3435 ut
1139 3379 1255 3452 lampas
1337 3410 1342 3415 ·

250 3757 391 3814 Sacratus
414 3757 509 3812 illuxit
532 3754 604 3824 dies,
784 3754 931 3829 Splendor
957 3759 1100 3828 paternae
1130 3755 1254 3830 gloriae,
1363 3747 1370 3764 ¹

250 3861 309 3918 quo
331 3840 504 3916 redemptor
527 3843 655 3898 omnium
783 3859 837 3898 nos
861 3845 1016 3916 gementes
1039 3843 1150 3914 aspice,

190 3929 226 3987 15
250 3928 302 3986 tibi
324 3930 419 3984 iustas
442 3925 527 3983 reddi
549 3929 630 3984 vices
785 3929 888 4002 tuique
912 3943 1036 4002 gregem
1058 3925 1206 3993 Norberti,

247 4013 381 4069 laborum
403 4011 534 4068 fidelium
581 4059 584 4062 .
785 4030 898 4069 summe
920 4018 1033 4086 pastor,
1058 4011 1161 4088 dirige,

249 4099 351 4165 voluit,
372 4101 406 4153 ‘et
426 4099 504 4154 inter
527 4099 607 4155 cives
719 4099 758 4156 35
782 4103 815 4154 ut
837 4099 861 4156 is
885 4097 1005 4154 tandem
1026 4099 1056 4154 in
1080 4099 1223 4154 coelestia

250 4191 280 4240 tc
302 4183 402 4240 locare
427 4183 575 4240 coelitum.
638 4234 640 4238 .
788 4183 955 4242 deducatur
976 4199 1098 4258 pascua.

607 4358 609 4362 ,
623 4347 823 4358 m
