2772 5024
250 599 290 656 M.
314 599 520 674 signaverit
550 601 596 658 11.
618 599 653 656 R.
675 601 703 658 2.
726 599 858 657 adhoc
882 601 1071 658 adoratum
1094 599 1191 658 diem.
1216 602 1254 658 M.
1275 608 1305 660 et

143 671 158 702 '
250 683 316 740 hac
337 684 381 742 ad
404 690 544 740 oratum
566 684 633 740 die.
663 685 709 743 12.
731 685 786 743 Rh.
809 688 838 744 2.
862 687 902 742 M.
925 685 1080 742 duxerit.
1124 687 1197 743 Weit
1216 687 1260 743 elie
1279 688 1303 744 2.

246 789 326 845 pers.
349 773 424 844 siuq.
448 773 478 826 iu
500 771 552 826 der
576 771 701 844 Strophe
722 771 750 828 2.
774 791 802 828 u.
826 772 854 828 4.
879 772 969 839 steht,
999 791 1033 828 so
1058 771 1150 828 hohen
1178 775 1221 828 sie
1241 774 1306 828 euch

250 856 381 912 mehrere
407 857 498 912 Teate
526 858 556 911 iu
583 855 635 914 der
654 855 762 912 dritten
790 865 914 930 pesetzt,
947 874 982 914 zu
1005 857 1093 912 dereu
1118 857 1306 914 Comtruetiou

249 943 293 998 sie
314 943 384 998 oher
405 941 485 998 nieht
499 948 594 1014 posst.
639 940 680 998 At
701 959 783 1009 vere,
808 960 875 999 cum
896 959 952 1015 per
973 946 1070 998 totum
1093 957 1210 998 carmen
1224 947 1306 1016 poeta
1377 947 1379 1012 j

249 1025 406 1082 Dominum
428 1025 607 1100 alloquatur,
631 1030 662 1081 et
684 1029 772 1082 tertia
795 1027 920 1101 stropha
941 1029 983 1084 ita
997 1025 1191 1100 intelligenda
1205 1032 1257 1094 est,
1278 1030 1306 1082 ot

250 1112 354 1168 coelo
383 1112 523 1172 micans
555 1115 672 1184 spectet
701 1111 740 1166 ad
770 1111 935 1179 Christum,
966 1117 1000 1167 ut
1022 1111 1076 1168 Th.
1099 1111 1122 1170 L
1146 1131 1174 1185 p.
1198 1111 1249 1169 76:
1276 1113 1306 1167 oh
1378 1155 1379 1182 ,

249 1197 367 1253 aethere
392 1195 521 1254 Christus
544 1197 696 1270 promicat.
745 1197 791 1254 13.
815 1197 848 1252 R.
873 1199 901 1257 2.
925 1197 1113 1254 infuderit.
1144 1197 1184 1252 M.
1215 1203 1307 1269 s'apo-

1377 1187 1379 1274 l

249 1299 323 1337 rem
352 1280 502 1337 fuderis.
547 1280 776 1338 Patrocinantur
799 1284 964 1356 scripturae
986 1283 1111 1356 pulcrae
1135 1286 1165 1338 et
1188 1281 1306 1355 eleganti

250 1365 315 1424 cod.
345 1365 487 1422 Reichen.
519 1383 597 1422 seeo.
622 1366 650 1424 9.
682 1372 713 1422 et
742 1367 825 1424 Alex.
860 1369 906 1424 11.
931 1365 1110 1434 (fuderit).
1159 1367 1205 1423 17.
1223 1365 1260 1420 R.
1281 1367 1305 1424 2.
1378 1435 1379 1440 ¹

250 1452 316 1508 col.
343 1451 463 1526 jubes.
510 1451 556 1510 19.
587 1451 627 1506 M.
659 1451 841 1508 elementa
869 1457 1008 1508 mutata
1038 1456 1173 1527 stupet.
1223 1449 1306 1506 Recte
1378 1477 1379 1494 .

249 1541 350 1593 monet
372 1537 423 1593 Vir
444 1536 571 1592 Doctus:
609 1544 728 1612 stuperet
748 1539 840 1594 heheu
861 1539 932 1616 celle2
954 1555 1010 1594 aur
1035 1539 1149 1594 Tomusi
1170 1537 1229 1592 uad
1251 1535 1308 1592 Cos·

249 1623 356 1686 sunder
377 1629 489 1697 stupet,
512 1623 627 1696 riohtiy,
651 1623 726 1678 deuu
748 1642 779 1678 es
800 1624 872 1696 qeht
891 1624 950 1694 auf
965 1625 1106 1679 minister.
1151 1623 1202 1678 Ich
1223 1622 1308 1677 stellte
1377 1665 1379 1682 ,

249 1709 304 1764 deu
319 1708 468 1782 Auupoest
488 1709 628 1764 elemeutu
650 1727 763 1776 coruus,
787 1711 857 1764 meit‘
865 1707 1031 1764 Ambrosius
1053 1709 1114 1780 aus
1123 1707 1185 1762 dem
1200 1708 1307 1762 zmeiteu

248 1795 340 1850 Fusse
375 1795 563 1866 repelmiissip
600 1793 654 1848 deu
681 1794 797 1850 Iambus
833 1794 891 1850 hut.
936 1793 990 1849 Die
1022 1794 1177 1865 Betomuuq
1211 1797 1308 1846 mutato

248 1880 308 1951 uuf
324 1879 376 1934 der
390 1879 475 1935 Arsis
497 1879 549 1934 hot
569 1879 642 1934 oueh
664 1879 815 1946 Iuvencus,
836 1879 955 1952 freiiieh
977 1879 1058 1934 mehr
1080 1881 1110 1934 iu
1133 1878 1187 1933 deu
1208 1879 1308 1948 Ausqo-
1377 1919 1379 1948 ,

1376 1863 1379 1912 l

249 1966 317 2031 heu,
347 1965 417 2020 uber
438 1965 494 2019 mol
513 1965 544 2020 ir
566 1963 621 2018 deu
643 1965 720 2019 otteu
742 1963 809 2020 Hss.
854 1963 975 2030 Tamen,
999 1964 1024 2018 si
1046 1963 1167 2038 legatur
1196 1979 1259 2016 cum
1278 1959 1306 2014 R.

245 2047 371 2124 jubes,
396 2049 454 2104 alia
475 2048 577 2122 placet
598 2049 813 2122 interpretatio.
860 2048 987 2121 Stupent
1009 2049 1078 2120 ipsa
1102 2047 1259 2112 elementa,
1277 2059 1308 2112 ‚se
1377 2057 1379 2132 ’Ξ

248 2137 278 2192 in
301 2152 374 2190 usus
398 2134 472 2190 alios
496 2133 631 2188 transire.
678 2133 726 2189 Sic
750 2137 873 2207 stupent
901 2150 981 2188 mors
1013 2137 1043 2194 et
1067 2138 1176 2188 natura
1204 2133 1233 2188 in
1254 2146 1309 2185 car·
1375 2143 1379 2207 j

248 2219 491 2276 mineThomae.
536 2219 586 2276 22.
602 2216 637 2272 R.
654 2218 682 2275 2.
706 2217 846 2275 dividit.-
890 2217 940 2278 26.
957 2217 991 2272 R.
1011 2219 1045 2274 1..
1064 2219 1127 2274 sui.
1173 2217 1221 2276 28.
1237 2215 1269 2270 R.
1286 2215 1307 2270 1.

248 2305 289 2362 M.
313 2305 478 2360 faucium.
521 2303 576 2358 Die
590 2303 696 2358 Lesort
713 2305 838 2374 fortium
861 2304 934 2359 ohue
957 2303 1037 2360 Simu.
1084 2304 1168 2360 Haec
1191 2301 1309 2376 iniquius

247 2390 367 2464 prolata
389 2392 466 2444 sunt.
511 2387 648 2442 Intuetur
668 2393 759 2461 poeta
783 2387 841 2443 duo
863 2387 1005 2443 miracula
1021 2387 1144 2456 Christi,
1168 2386 1309 2462 aquamin

239 2477 348 2534 ‘viuum
372 2489 547 2530 conversam
570 2477 601 2528 et
621 2487 729 2544 panem
751 2473 990 2546 multiplicatum:
1032 2473 1172 2530 Alterum
1195 2473 1310 2529 alterum

248 2560 385 2635 explicat.
431 2558 461 2614 Si
484 2556 604 2624 videris,
628 2559 733 2631 inquit,
757 2557 855 2614 cibum
876 2561 905 2614 in
928 2575 979 2614 ore
995 2565 1193 2626 crescentem,
1218 2557 1309 2612 desine

247 2647 348 2703 mirari
368 2645 485 2718 largam
507 2644 569 2701 vini
591 2643 708 2716 copiari
731 2659 766 2699 ex
788 2642 902 2716 hydriis
924 2643 1073 2701 haustam.

186 2785 204 2806 ,·
336 2733 362 2788 1.
385 2729 484 2786 Mone.
529 2729 644 2786 Eberso
672 2738 740 2802 sept
759 2729 887 2786 Ambros.
910 2728 1050 2786 Heeoem
1076 2730 1105 2800 4,
1130 2731 1166 2786 5:
1196 2743 1234 2785 ee
1260 2725 1311 2781 otto

246 2815 473 2876 illuminaturi
493 2813 623 2871 versteht
643 2813 783 2870 doruuter
801 2814 949 2870 Christum.
966 2841 1009 2850 —
1029 2813 1106 2872 Hier
1129 2813 1240 2871 hezieht
1258 2807 1311 2867 sich

246 2905 294 2961 ur..
312 2903 371 2972 ouf
387 2900 434 2956 die
459 2900 552 2972 Touse
577 2899 698 2966 Christi,
730 2899 805 2956 deum
827 2886 987 2975 φώτισμα,
1009 2901 1201 2966 illumiaatio,
1224 2893 1312 2954 murcie
1377 2919 1379 2944 i

1376 2833 1379 2912 l

247 2987 409 3060 itherhuupt
430 2985 477 3040 die
495 2985 588 3054 Toufe
608 2992 743 3056 perorat.
788 2984 928 3056 Fortasse
950 2985 1076 3057 respicit
1097 2991 1191 3058 poeta
1213 2981 1251 3038 ad
1268 2996 1326 3036 vo·
1376 3018 1377 3024 .

228 3131 230 3136 .
248 3090 315 3130 cem
330 3071 497 3143 scripturae
513 3070 544 3123 in
558 3067 725 3144 Epiphania
747 3074 808 3124 tam
824 3085 914 3142 saepe
938 3069 974 3124 ab
990 3069 1130 3128 Ecclesia
1152 3071 1311 3126 recitatam:

248 3159 345 3232 Surge
367 3155 575 3211 illuminare
591 3152 768 3208 Jerusalem.
815 3153 939 3209 Omnino
962 3153 1196 3211 illuminandi
1210 3150 1312 3214 vorse-

248 3243 374 3300 stivitati
405 3244 452 3296 est
474 3239 597 3314 propria
627 3243 657 3294 et
678 3237 746 3294 ideo
777 3238 882 3294 crebra
910 3241 940 3294 in
970 3238 1107 3296 collectis
1139 3245 1197 3296 etc.
1240 3237 1312 3294 Deus

246 3329 475 3394 illuminator,
501 3325 631 3380 omnium
660 3325 792 3398 gentium
822 3329 878 3380 etc.
937 3323 1110 3382 Illumina
1141 3314 1313 3400 quaesumus
1378 3331 1379 3392 j

245 3414 371 3470 Domine
392 3409 538 3486 populum
560 3414 644 3464 tuum
667 3415 723 3464 etc.
769 3411 797 3468 2.
818 3409 858 3465 M.
884 3409 1008 3482 Cyprium
1029 3411 1066 3466 de
1088 3418 1179 3486 spect.
1198 3429 1229 3486 p.
1253 3400 1312 3462 614.

245 3505 337 3556 aeaut
357 3500 401 3554 sie
422 3501 568 3552 astrorum
590 3497 753 3550 miooutium
775 3493 885 3551 choros.
930 3493 958 3551 5.
982 3494 1050 3550 Non
1073 3512 1225 3571 assequor
1238 3506 1314 3548 men·

246 3589 308 3640 tem
330 3583 437 3640 Monii:
462 3581 558 3638 dieser
579 3581 650 3638 Vers
673 3581 784 3636 hezieht
797 3581 858 3636 sich
873 3580 932 3651 auf
941 3579 988 3634 die
1001 3579 1168 3640 Erhsiiude.
1214 3575 1314 3649 Tangit

245 3673 337 3743 poeta
352 3668 508 3724 materiam
522 3667 592 3722 festi
607 3666 733 3738 primam
752 3669 782 3720 et
796 3665 847 3720 illa
862 3669 961 3719 aetate
976 3665 1187 3740 principalem,
1209 3661 1314 3736 baptis·

245 3751 326 3810 muin
349 3753 469 3810 Christi.
494 3752 530 3807 cf.
555 3749 637 3825 quod
660 3747 866 3808 adnotavimus
889 3747 928 3804 ad
950 3765 996 3807 vr.
1016 3749 1116 3808 *5—8.

360 3977 505 4048 Christe
527 3981 591 4046 tum
612 3975 732 4043 muudi
753 3973 854 4042 euius
877 3973 911 4042 e't
929 3978 1106 4063 potestus.
1151 3973 1205 4045 M.
1281 4045 1283 4050 ,

297 4081 382 4138 Thes.
401 4081 422 4135 Ι.
441 4099 468 4150 p.
488 4083 544 4137 152.
579 4081 662 4132 Brev.
680 4075 806 4130 Arevali:
842 4075 875 4128 In
891 4075 1040 4132 Dominica
1057 4080 1189 4133 secunda
1206 4083 1270 4146 post

612 4144 749 4200 Octavam
766 4143 947 4211 Epiphaniae.

330 4262 425 4322 Recte
447 4267 548 4318 monet
569 4259 702 4327 Nealius,
725 4259 866 4331 hymnum
887 4259 919 4314 in
940 4259 1091 4331 scriptur-a
1113 4259 1236 4318 Arevali
1256 4255 1315 4330 plu·

244 4349 335 4422 rimas
358 4349 464 4407 tulisse
488 4347 698 4404 correctiones.
721 4371 765 4380 --
787 4342 814 4400 3.
838 4343 961 4400 fulvae
983 4344 1125 4402 faciem.
1148 4345 1241 4404 5ὲ-8,
1264 4355 1313 4395 om.
