2822 5026
100 681 223 720 necesse
249 669 301 718 est
322 667 356 718 ut
381 661 581 718 Cassiodorus
610 665 753 737 respiciat
782 665 918 722 alterum.
963 665 1069 740 ltaque
1092 665 1176 722 nobis

100 764 282 823 persuasum
312 753 377 814 est,
414 747 547 803 Monium
575 748 725 804 Ambrosii
754 765 873 806 carmen
902 749 1029 807 feliciter
1056 751 1178 810 investi·

100 837 263 909 gaesa-et
286 834 369 906 ipse,
395 835 514 908 opinor,
537 833 606 889 huic
631 835 797 890 sententiae
819 834 952 909 plaudet.
997 835 1177 910 Nam'quod

100 919 256 992 desiderat
280 919 382 992 aliquo
405 917 492 974 modo
515 920 664 992 poeticam
679 917 828 976 Ambrosii
850 922 1000 989 virtutem,
1023 939 1082 977 non
1102 923 1176 977 tanti

99 1004 244 1080 ponderis
267 1007 373 1060 estut
396 1008 637 1078 argumentorum
659 1005 767 1062 molem
790 1005 930 1063 divellere
954 1011 1054 1081 queat.

112 1099 116 1104 ’
186 1093 214 1147 1.
261 1088 521 1146 illucescendi
550 1107 607 1146 vox
637 1089 777 1164 frequens
808 1097 855 1148 est
883 1093 913 1148 in
935 1091 1105 1166 antiphonis
1130 1107 1177 1148 ec·

99 1179 212 1236 clesiae
237 1175 364 1232 festivis.
408 1174 495 1246 Brev.
520 1175 622 1231 Consi.
650 1177 680 1232 in
702 1175 879 1249 Epiphania:
923 1178 994 1234 Dies
1015 1179 1178 1249 sanctifico·

99 1274 138 1320 tus
168 1263 277 1320 illusit
298 1262 393 1327 nobis,
431 1263 525 1318 uenite
551 1267 654 1335 pentes
682 1269 713 1318 et
739 1263 859 1319 adorate
885 1264 1042 1320 Dominum.
1088 1263 1175 1320 Breu.
1276 1271 1300 1291 ·“

97 1349 179 1407 mm.
219 1349 252 1403 iu
289 1347 447 1403 Nativitute
483 1347 611 1402 Domini:
653 1345 748 1404 Hodie
783 1349 884 1405 illuxit
918 1349 999 1405 nobis
1034 1349 1096 1405 dies
1132 1367 1178 1404 re·

97 1434 279 1510 demptionis
301 1449 391 1488 nocue
414 1439 466 1488 etc.
512 1433 540 1490 2.
563 1431 597 1486 In
621 1431 724 1488 codice
747 1439 923 1490 coruscat.
951 1433 1083 1494 itt—tt.
1108 1433 1177 1490 Am-

97 1521 179 1576 bros.
206 1517 247 1574 de
271 1533 396 1574 sacram.
420 1517 442 1572 1.
465 1535 494 1590 p.
517 1516 587 1575 353.
632 1518 714 1592 Erqo
743 1537 834 1590 quare
863 1519 1013 1576 descendit
1036 1519 1176 1584 Christus,

38 1614 42 1620 “
99 1597 156 1662 nisi
187 1611 224 1660 ut
252 1621 322 1659 curo
351 1605 391 1658 ite
414 1603 616 1668 mundaretur,
647 1621 715 1660 coro
745 1623 829 1676 qecam
858 1607 987 1680 suscepit
1014 1604 1049 1660 de
1077 1613 1177 1662 nostro

100 1691 286 1748 conditione?
307 1689 370 1744 Non
393 1690 467 1745 enim
489 1689 596 1744 ablutio
613 1695 797 1763 peccatorum
812 1709 928 1747 suorum
947 1690 1058 1748 Christo
1080 1707 1177 1746 neces·

101 1780 180 1833 sorio
205 1782 283 1842 erut,
307 1775 357 1846 qui
375 1781 524 1848 peecatum
547 1791 603 1829 non
623 1775 710 1844 fecit:
739 1775 792 1830 sed
812 1777 894 1832 nobis
915 1777 1080 1832 necessaria
1103 1781 1176 1841 erat,

102 1865 150 1936 qui
165 1867 294 1937 peccato
317 1877 461 1915 monemus
483 1860 608 1914 odnosii.
653 1857 785 1932 Exponit.
810 1860 861 1917 Ev.
886 1859 1175 1934 mutiplici:

104 1947 280 2022 Baptizatus
302 1952 348 2000 est
369 1963 438 2018 erqo
460 1945 590 2002 dontinus
612 1963 667 2000 non
690 1946 823 2002 mundari
837 1947 943 2012 uolens,
966 1947 1020 2002 sed
1039 1946 1178 2002 mandore

105 2052 201 2107 squas.
250 2029 433 2104 Comparata
454 2029 556 2103 hymni
580 2029 731 2098 „Aeteme
753 2025 871 2086 rerum“
903 2047 971 2087 cum
993 2031 1176 2086 Hexeemero

109 2114 328 2174 necessitudine
351 2119 382 2172 et
402 2114 459 2171 hoc
483 2131 632 2170 consensu
654 2115 787 2170 firmatur
808 2117 964 2183 sententia,
988 2115 1177 2172 Ambrosium

109 2219 223 2260 carmen
247 2201 425 2258 confecisse.
471 2199 520 2258 26.
544 2199 578 2255 In
601 2199 705 2256 codice
728 2199 814 2263 deest
837 2219 892 2259 vox
916 2201 1083 2258 dilectus.

103 2482 164 2560 Bis
188 2484 317 2550 femus
335 2479 445 2548 dorus
470 2481 665 2568 explicans.
704 2479 822 2550 orato
845 2485 958 2552 mente
981 2479 1177 2552 Dominum.

418 2583 501 2636 Thes.
520 2581 540 2636 1.
557 2600 584 2650 p.
604 2585 644 2636 23.
678 2585 724 2668 fid
744 2583 865 2638 Sextum.

188 2698 253 2754 lam
283 2698 312 2752 in
343 2695 499 2754 Thesauro
530 2695 813 2764 demonstravimus,
848 2698 1011 2771 Hymnum:
1057 2698 1175 2756 Orabo
1255 2759 1260 2768 ¹

104 2789 223 2840 mente
246 2783 447 2848 Dominum,
483 2787 745 2864 commemoratum
768 2781 804 2838 ab
829 2783 1024 2850 Cassiodoro,
1059 2785 1176 2858 ignora·

105 2875 167 2926 tum
190 2887 209 2924 a
232 2868 357 2924 Garetio
381 2885 417 2924 ac
440 2867 602 2934 Maurinis,
625 2873 745 2942 partem
768 2885 837 2924 esse
859 2868 975 2942 hymni:
1019 2867 1081 2925 Bis
1109 2874 1176 2925 ter-

105 2972 165 3011 nas
189 2955 302 3010 horas
325 2953 526 3028 explicans,
551 2955 602 3028 qui
625 2954 735 3028 legitur
755 2952 836 3028 apud
851 2953 1052 3012 Thomnsinm.
1091 2954 1175 3010 Nunc

106 3041 196 3098 anum
222 3039 403 3114 investigavi
431 3037 603 3096 cassiodori
637 3039 736 3096 locum
764 3057 782 3095 a
809 3039 955 3096 Maurinis
986 3041 1177 3115 praetermis·
1223 3104 1228 3113 ¹

108 3143 180 3193 sum,
206 3143 267 3200 quo
291 3125 441 3182 sententia
463 3122 599 3181 redditur
622 3128 750 3198 utputo
773 3125 892 3182 invicta.
938 3125 972 3181 In
986 3125 1096 3182 Psalm.
1117 3126 1176 3182 118

107 3211 190 3278 (119)
219 3229 248 3266 v.
275 3208 394 3268 16111.
424 3228 453 3283 p.
478 3209 540 3266 tol
570 3208 616 3266 ed.
641 3209 742 3266 Garsi.
789 3211 902 3286 Septies
931 3213 970 3279 in,
990 3211 1036 3268 die
1065 3210 1176 3267 laudem

109 3299 157 3353 tibi
186 3297 253 3353 dixi
281 3313 369 3370 super
399 3295 504 3352 iudicia
541 3297 671 3352 iustitiae
701 3303 775 3352 tuae.
821 3296 853 3352 Si
882 3295 921 3351 ud
948 3297 1073 3352 litterum
1102 3296 1177 3352 dunc

107 3400 254 3438 numerum
278 3382 397 3437 uelimus
418 3380 584 3446 aduertere,
614 3387 722 3454 septem
744 3382 810 3438 illus
831 3383 979 3454 siqnifieut
1000 3383 1091 3448 uices,
1114 3381 1177 3454 qui·

108 3469 157 3524 dus
179 3486 212 3523 se
235 3466 438 3522 Mesochorum
462 3467 515 3540 piu
538 3465 649 3522 &cotio
678 3468 858 3532 consolatur,
889 3465 921 3522 id
948 3473 994 3522 est
1014 3465 1175 3532 Matutinis,

111 3553 216 3619 Tertio,
243 3551 344 3618 Sento,
361 3550 451 3628 Nona,
474 3550 659 3616 lucernario,
679 3551 884 3626 Completoriis,
901 3551 1062 3610 Nocturnis.
1116 3549 1177 3606 Hoc
1227 3589 1230 3594 -

109 3650 136 3692 et
160 3640 257 3694 sancti
277 3637 420 3693 Ambrosii
449 3635 569 3708 dymnus
598 3638 628 3692 iu
657 3642 761 3692 sectae
790 3636 881 3692 borne
908 3636 1107 3694 decantatione
1137 3643 1177 3692 te-

109 3730 210 3780 statur.
257 3722 318 3778 Iam
341 3739 408 3778 eum
432 3719 611 3778 cassiodoro
637 3721 772 3778 conferas
794 3720 949 3795 hymnum:
1039 3762 1042 3770 .

150 3843 211 3900 lios
236 3860 308 3917 ergo
332 3858 411 3898 nunc
435 3839 594 3897 confamuli
684 3839 724 3896 Ut
748 3842 860 3915 septies
884 3839 961 3898 diem
984 3857 1055 3898 vere

130 3927 322 4003 'Prophetae
346 3925 418 3984 dicti
441 3943 587 3985 memores
686 3926 906 3983 Orontes-cum
928 3927 1073 4000 psalterio

150 4014 307 4071 Solvumus
331 4029 383 4068 ora
404 4012 433 4068 in
457 4011 580 4068 canticis
686 4009 866 4087 fraudesque
889 4017 1045 4069 cantantes
1068 4013 1131 4068 Deo

128 4093 243 4157 'Prece
265 4100 357 4155 mixta
379 4095 538 4154 Davidicis.
687 4097 773 4153 Laeti
802 4097 953 4156 solvamus
981 4095 1114 4154 debitum
1135 4121 1178 4134 -ν

105 4235 202 4296 ,usque
225 4217 357 4292 amplius
381 4215 539 4282 dubitabis,
563 4215 635 4290 quin
650 4215 807 4272 Ambrosio
831 4217 1005 4274 cethsaimis
1022 4215 1058 4272 de
1078 4217 1176 4270 causis

110 4303 297 4362 tribuendum
321 4302 361 4359 sit
384 4316 517 4358 carmen:
562 4299 623 4356 Bis
646 4305 770 4358 ternas
793 4301 905 4358 horas
929 4301 1127 4376 explicans.

494 4449 574 4458 ...ο-.-
578 4449 597 4456 -
604 4447 642 4454 --
646 4447 795 4462 *anm-...m
