2788 5024
107 641 153 698 14.
178 639 218 696 At
240 639 292 696 illa
314 637 450 714 gaudens
473 655 527 712 pro
552 642 685 694 amatore
702 636 830 694 eloctum
845 637 1016 710 praesulem
1028 637 1174 709 suscepit,

106 726 151 783 15.
176 725 319 782 Sanctum
341 735 539 798 cognoscens,
562 717 684 796 plorans
710 717 761 793 [et]
790 737 913 795 gemens
943 723 1093 796 pontificis
1123 734 1176 794 pe-

273 799 277 803 ’
308 809 394 866 dibus
418 822 451 864 se
474 811 644 882 prostravit.

109 895 155 955 16.
179 896 220 953 At
241 896 374 970 pontifex
395 900 430 950 ut
451 896 596 968 percepit,
621 893 738 950 domino
761 911 816 967 pro
839 893 890 949 illa
911 906 1019 966 preces
1040 892 1126 960 rudit,

108 981 154 1038 17.
176 973 293 1038 In'fide
314 991 403 1036 sacra
424 982 573 1047 instruxit,
598 993 663 1036 earn
686 979 877 1035 sacrofonte
901 984 931 1034 et
954 979 1055 1034 abluit.

108 1059 154 1125 18.
177 1061 252 1124 Post
273 1063 348 1124 haec
371 1066 445 1122 Afra
466 1065 633 1139 exquiritur
654 1066 754 1132 minis,
777 1063 957 1131 terroribus,
981 1063 1058 1120 dolis
1082 1063 1177 1119 a'tten-

307 1155 397 1218 tatur,
421 1151 613 1208 christianam
637 1164 704 1206 sese
726 1153 920 1222 protestatur.

110 1237 156 1295 19.
181 1236 229 1292 Ad
243 1236 324 1293 idola
340 1237 535 1310 compellitur,
553 1237 654 1293 vincta
669 1235 836 1303 adducitur,
852 1234 942 1292 iudici
955 1239 1176 1308 praesentatur,

309 1318 461 1378 Christum
485 1321 574 1377 corde
598 1327 629 1376 et
651 1338 702 1376 ore
725 1321 844 1378 latetur.

106 1408 154 1466 20.
176 1407 300 1482 Ignibus
322 1409 392 1466 riva
415 1406 511 1474 datur,
533 1407 659 1462 fiammis
683 1408 812 1462 exuritur
840 1407 943 1482 sicque
973 1410 1087 1481 martyr
1116 1403 1178 1460 eiii-

310 1495 394 1550 citur.

106 1579 154 1638 21.
180 1577 322 1652 Spiritum
345 1578 429 1634 coelo
451 1576 595 1646 reddens,
630 1575 717 1631 deum
744 1576 926 1634 benedicens
950 1582 1075 1633 aeterna
1097 1575 1176 1632 dona

331 1662 453 1720 ossidet.

105 1749 154 1808 22.
180 1749 205 1805 Ο
229 1683 359 1810 clemdns
382 1754 482 1806 rector
508 1748 644 1820 polorum
665 1741 838 1821 redemptor
861 1752 892 1802 et
919 1752 1109 1815 cunctorum,
1125 1765 1179 1802 no·

140 1875 144 1882 .
231 1908 239 1916 ‚
307 1835 353 1892 bis
377 1833 455 1890 dona
476 1833 623 1907 praemia;
646 1831 699 1888 tibi
721 1831 788 1888 laus
811 1837 842 1888 et
865 1833 968 1906 gloria.

190 1945 346 2008 Metricam
375 1953 553 2027 sequentiae
579 1953 730 2007 rationem
755 1950 837 2006 haud
866 1953 1019 2026 perspexit
1048 1952 1176 2008 Monius.

106 2037 267 2112 Ingeniose
297 2042 389 2112 poeta
420 2039 448 2094 S.
472 2037 580 2104 Afrae,
611 2037 735 2093 alterius
765 2035 1179 2114 Magdalenaepraeconium

106 2123 344 2180 accommodavit
355 2121 451 2180 modis
465 2121 719 2178 celebratissimae
742 2124 926 2196 sequentiae,
949 2124 979 2178 in
1003 2123 1032 2179 S.
1055 2122 1178 2196 Magoa

105 2207 191 2264 lenae
213 2209 357 2266 honorem
380 2207 623 2266 aGodeschalko
640 2209 828 2280 conscriptae
851 2207 952 2264 Laus
975 2208 1050 2264 tibi
1073 2207 1178 2264 Chri·

107 2298 175 2351 ste.
220 2293 309 2352 Thes.
330 2290 366 2352 11.
389 2315 417 2369 p.
440 2289 492 2352 39.
537 2291 702 2350 Immiscuit
729 2298 829 2367 tamen
859 2293 1007 2350 vocalium
1035 2295 1119 2349 lusus
1148 2299 1179 2350 et

18 2397 22 2404 ’
107 2396 184 2454 quae
208 2378 347 2436 dicuntur
369 2380 567 2436 assonantias.

191 2463 219 2522 7.
242 2467 301 2522 Mo.
325 2465 377 2524 Hs.
400 2465 640 2546 plurimisst
670 2463 803 2520 multis
831 2483 923 2538 peperi
945 2465 998 2522 dor
1019 2465 1178 2528 Versmacs.

76 2547 82 2558 “
109 2549 155 2608 10.
181 2552 228 2606 11.
262 2550 344 2606 haud
373 2563 497 2625 prorsus
529 2554 696 2622 congruunt
727 2567 793 2605 cum
823 2552 980 2626 sequentia
1002 2552 1177 2618 normatira‚

108 2652 279 2709 quanquam
298 2635 418 2693 Monius
443 2635 556 2709 expulit
578 2651 668 2691 voces
691 2636 932 2691 instruxerat
956 2641 986 2690 et
1009 2638 1180 2710 corrige-

106 2725 182 2787 ret,
207 2737 284 2795 quae
307 2721 448 2795 leguntur
470 2723 500 2777 in
523 2719 636 2776 codice.
685 2720 732 2777 13.
756 2721 815 2776 Μο.
846 2723 908 2794 qui
931 2719 1032 2784 adiit
1054 2720 1098 2776 ad
1121 2721 1180 2777 do-

107 2821 200 2860 mum
224 2807 281 2862 Str.
304 2808 471 2862 normativa
492 2805 562 2861 XIX
585 2805 767 2878 syllabarum
784 2810 838 2861 est.
874 2805 919 2862 15.
936 2807 995 2862 Mo.
1018 2824 1073 2879 pro
1097 2824 1180 2880 pon·

107 2891 243 2959 tisicis,
275 2875 365 2966 q’usun
399 2906 504 2950 rocem
539 2907 574 2946 ex
607 2889 802 2964 sequentibus
836 2891 914 2946 male
947 2893 1102 2948 versiculis
1139 2894 1181 2947 in·

107 2977 205 3032 trasse
227 2979 366 3051 opinatur
389 2979 482 3035 eius.
525 2974 589 3034 Sed
602 2981 674 3050 eget
697 2977 822 3050 stropha
844 2975 899 3032 XX
922 2977 1054 3050 syllabis.
1098 2977 1181 3034 Reti-

12 3100 15 3105 ·
106 3076 211 3118 nemus
235 3065 414 3138 scripturam
435 3063 634 3130 membranae,
658 3063 806 3118 reiicimus
828 3061 1005 3136 particulam
1029 3069 1072 3119 et.

194 3267 263 3326 572.
288 3257 355 3338 [De
377 3261 533 3324 torrente
554 3261 746 3344 passionis.
771 3267 1046 3341 Des.cyriaco.
1069 3265 1181 3324 Neale

109 3351 179 3428 Seq.
203 3369 230 3424 p.
250 3351 307 3408 161
333 3365 349 3406 e
371 3351 487 3407 Missali
508 3349 655 3409 Verdensi
679 3371 703 3410 c.
731 3350 829 3420 moui
1167 3343 1170 3352 ’

16 3507 23 3518 ,
133 3455 157 3510 1.
172 3453 216 3509 De
240 3455 373 3509 torrente
394 3453 545 3526 passionis
667 3453 694 3512 3.
710 3447 766 3511 Hic
789 3461 837 3511 est
859 3455 908 3510 ille
933 3455 1076 3528 Cyriacus

173 3538 284 3595 Bibens
306 3539 369 3595 veri
387 3538 559 3596 'Salomonis
709 3539 805 3609 Quem
827 3541 933 3596 inferni
958 3541 1058 3596 tremit
1086 3538 1182 3607 lacus,

193 3621 242 3680 Ad
260 3624 492 3692 reclinatorium,
733 3625 802 3681 Suis
826 3643 893 3681 cum
915 3625 1091 3681 tortoribus:

174 3711 286 3768 Christi
308 3711 427 3766 transiit
449 3709 488 3768 ad
510 3711 599 3778 laeta,
710 3711 789 3768 Dum
812 3709 851 3766 ad
873 3727 962 3766 unam
983 3711 1138 3766 iussionis·

172 3795 357 3869 Triumphali
378 3797 442 3852 vita
471 3799 583 3869 spreta,
713 3797 825 3853 Vocem
848 3795 906 3852 dux
929 3795 1105 3870 proditionis

193 3881 252 3938 Per
276 3881 390 3938 cruoris
412 3883 550 3954 pretium.
734 3882 823 3956 Fugit
846 3881 883 3936 de
907 3882 1090 3956 corporibus.

131 3966 158 4024 2.
175 3965 292 4023 Gradus
316 3965 364 4022 hic
386 3983 556 4041 purpureus
577 3985 582 3992 ·
668 3967 697 4022 lx.
714 3967 778 4024 Scit
799 3963 857 4022 hoc
880 3967 1058 4023 Diocletiani

175 4050 239 4119 Quo
259 4053 373 4111 volavit
387 4069 494 4108 roseus
710 4053 797 4118 Nata,
822 4067 911 4127 quarn
933 4053 1030 4109 hostis
1053 4051 1171 4111 immani

196 4137 313 4210 Cyriaci
336 4139 466 4194 animus:
735 4138 831 4195 Solvit
854 4137 891 4194 de
913 4137 1087 4212 tyrannide:

175 4219 231 4277 Ubi
249 4222 291 4278 'de
314 4223 473 4280 virtutibus
712 4224 817 4280 Filiam
838 4225 918 4298 regis
941 4223 1101 4281 Persarum

138 4339 142 4346 ·
173 4303 207 4362 In
229 4310 356 4364 virtutes
378 4309 534 4383 gressibus
715 4307 839 4370 Ysbiam
862 4326 880 4365 a
901 4307 1093 4366 ¹tenebrarum

194 4391 241 4450 Fit
263 4394 361 4450 beatis
385 4399 510 4456 meatus.
734 4394 886 4453 liberarit
907 4394 1053 4468 praeside.

931 4487 982 4572 rs*
