2822 5026
216 586 320 662 quod
347 587 643 661 praestolamur
672 589 809 644 cernui
838 605 996 646 occanere
1024 591 1054 646 in
1075 587 1186 662 hymno
1214 590 1278 646 Au·

214 689 305 730 rora
327 674 399 730 iam
423 673 583 746 spargit
604 671 737 745 polum
760 691 787 730 v.
815 673 860 730 10.

283 777 312 832 P.
331 781 372 836 n.
391 797 439 834 ne.
474 781 515 835 23.
534 795 593 848 per
611 795 716 848 quam.

474 985 518 1052 ln
539 987 720 1060 matutinis
742 987 929 1070 surpimas.
972 985 1024 1053 M.

542 1086 626 1140 Thes.
644 1085 665 1138 1.
683 1104 709 1154 p.
729 1088 752 1139 3.
788 1086 953 1138 Matutinus.

300 1200 328 1256 8.
352 1197 475 1255 Nealius
498 1201 641 1256 coniecit:
670 1205 708 1256 et
730 1215 857 1274 genua
879 1202 1182 1273 prosternimus.

395 1456 397 1461 ·
501 1411 578 1476 Iam
598 1415 691 1478 mela
709 1415 823 1478 noctis
846 1377 1012 1478 transiit

545 1511 629 1564 Thes.
647 1511 669 1564 1.
686 1529 713 1580 p.
732 1513 755 1566 3.
791 1511 980 1584 Matutinus„

319 1625 502 1682 Breviorium
537 1623 730 1680 Moaarabum
766 1625 845 1680 hunc
882 1625 1023 1698 hymnum
1061 1642 1129 1681 eum
1156 1617 1281 1680 'duobus

212 1708 461 1782 praecedentibus
484 1707 624 1784 adsignat
645 1709 767 1766 Hilario.
813 1708 900 1778 Quod
930 1727 997 1766 eum
1026 1716 1141 1766 certum
1171 1711 1211 1766 sit
1232 1709 1282 1765 Hi·

211 1794 276 1850 larii
300 1797 429 1851 earmina
452 1796 481 1850 in
504 1793 671 1852 Gothorum
701 1795 830 1852 eeclesia
851 1812 906 1868 per
928 1793 1042 1852 Galliae
1072 1793 1282 1852 meridionales

211 1885 313 1952 partes
336 1897 371 1936 ac
394 1881 568 1952 Hispaniam
590 1880 797 1953 uulgatissima
818 1879 925 1946 tuisse,
948 1879 1029 1936 haud
1051 1897 1177 1953 prorsus
1201 1895 1282 1953 sper·

173 2018 181 2032 ,
212 1963 310 2020 nenda
333 1971 380 2021 est
401 1965 593 2022 Monarabum
617 1967 773 2020 sententia.
819 1964 865 2020 Ita
887 1963 1019 2020 Isidorus
1043 1964 1080 2020 de
1104 1965 1183 2022 offic.
1209 1964 1280 2020 ecel.

213 2052 240 2117 1,
258 2049 277 2106 6
299 2051 357 2106 Hil.
369 2049 488 2106 laudem
501 2049 612 2118 tribuit,
629 2050 709 2124 quod
719 2040 893 2122 hymnorum
904 2052 1033 2105 carmine
1043 2051 1152 2106 claruit
1159 2052 1281 2124 primus.

211 2135 300 2190 Cone.
325 2135 420 2207 Tolet.
444 2135 492 2190 IV.
518 2135 554 2200 (a.
571 2133 644 2200 633)
669 2152 692 2190 o.
720 2135 773 2192 13:
798 2137 865 2205 quia
887 2137 1016 2190 nonnulli
1038 2136 1137 2207 hymni
1160 2136 1283 2192 numano

209 2219 306 2274 studia
328 2219 476 2294 compositi
498 2237 562 2275 esse
583 2227 742 2275 nascuntur
763 2221 793 2274 in
816 2218 926 2283 laudem
949 2219 1011 2286 Dei,
1035 2227 1066 2275 et
1086 2222 1283 2293 apostolarum

207 2321 244 2358 ac
273 2312 431 2377 martyrum
463 2305 637 2377 triumphos,
667 2306 744 2359 siccat
771 2303 817 2370 lu’,
854 2321 925 2374 quos
955 2305 1113 2360 beatissimi
1151 2305 1283 2360 decimes

208 2389 342 2445 Hilarius
364 2397 451 2460 atque
472 2389 639 2444 Ambrosius
662 2389 829 2453 ediderant,
854 2405 925 2458 quos
956 2395 1049 2444 tamen
1078 2390 1196 2461 quidam
1219 2407 1283 2463 spe·

208 2475 323 2530 cialiter
345 2475 509 2547 reprobant,
529 2491 586 2547 pro
609 2491 651 2539 eo,
676 2473 753 2544 qnod
773 2472 809 2527 de
830 2474 985 2545 seripturis
1007 2481 1174 2532 sanctorum
1198 2491 1282 2532 cana·

208 2577 275 2614 num
304 2561 351 2614 ael
376 2560 535 2631 apostolica
574 2558 729 2614 traditione
758 2575 815 2614 non
845 2559 984 2623 existunt.
1029 2558 1186 2632 Respuent
1214 2576 1283 2632 erpo
1390 2595 1391 2602 .

207 2645 287 2699 illum
310 2644 458 2715 lipmnum,
489 2644 525 2699 al
547 2644 706 2700 nominibus
735 2645 935 2716 compositum,
966 2649 1047 2714 quem
1075 2645 1208 2715 quotidie
1226 2661 1282 2717 pu-

207 2729 279 2784 llico
303 2731 478 2802 priuataque
507 2729 604 2799 officio
640 2730 671 2784 in
698 2729 758 2797 fine
787 2728 909 2782 omnium
933 2729 1111 2800 psalmorum
1143 2729 1283 2786 dicimus:

209 2814 308 2870 Gloria
322 2821 353 2868 ei
374 2814 465 2870 lonor
480 2815 564 2886 patri
578 2819 608 2868 et
627 2814 689 2883 filio
711 2818 742 2866 et
762 2813 881 2884 spiritui
902 2818 1001 2867 sancto
1024 2813 1053 2866 in
1076 2815 1177 2870 secula
1200 2830 1283 2870 seeu-

205 2902 304 2955 larum.
328 2900 426 2954 Amen.
470 2899 542 2953 Nam
565 2904 595 2952 et
614 2898 663 2952 ille
682 2896 813 2966 hymnus,
837 2914 918 2966 quem
933 2903 1000 2952 nato
1015 2898 1045 2952 in
1060 2915 1150 2952 carne
1170 2898 1283 2955 Christo

205 2984 302 3055 anpeli
332 2985 515 3038 cecinerant:
563 2981 660 3036 Gloria
689 2983 719 3034 in
748 2981 873 3036 eccelsis
894 2980 971 3046 Deo,
1001 2983 1082 3036 etin
1106 2989 1191 3040 terra
1216 2999 1283 3057 par

204 3068 366 3124 nominibus
389 3067 478 3122 lonae
501 3063 675 3128 voluntatis;
696 3065 818 3138 reliqua,
844 3081 917 3136 quae
939 3066 978 3120 ili
992 3074 1166 3137 sepiuntur,
1192 3068 1282 3124 eoca-

202 3154 316 3208 siustici
352 3152 484 3206 doctores
520 3157 747 3222 composuerant.
792 3149 873 3221 Erpa
902 3166 954 3203 aea
983 3149 1056 3204 idem
1086 3153 1115 3206 ia
1147 3153 1283 3210 eeclesiis

203 3236 351 3292 canendus
374 3243 426 3301 est,
451 3237 519 3307 quia
542 3236 571 3288 in
594 3236 804 3307 scripturaram
825 3240 990 3290 sanctarum
1013 3235 1095 3290 libris
1118 3255 1178 3292 non
1203 3238 1290 3294 incre·¹

140 3325 143 3338 '
203 3325 291 3378 ruitur.
315 3347 358 3356 —-
389 3320 472 3376 Sicut
493 3335 562 3392 erqo
585 3321 747 3384 arationes,
770 3320 812 3374 ita
835 3324 865 3372 et
885 3317 1004 3388 lpmnas
1031 3320 1061 3374 in
1084 3321 1204 3386 laudem
1226 3321 1283 3378 Ilei

202 3408 374 3484 comppsitos
389 3405 494 3460 *trullus
516 3411 642 3460 vestrum
665 3403 788 3458 ulterius
810 3403 957 3475 improbet,
980 3403 1033 3458 sed
1047 3407 1119 3476 pari
1142 3406 1229 3462 neoda
1251 3409 1282 3460 in

205 3490 325 3547 Gallicia
347 3490 548 3562 Hispaniaque
570 3489 712 3551 eelebret;
735 3487 1026 3544 excommunicatione
1044 3490 1206 3561 plectendi,
1232 3491 1282 3562 qui

202 3567 322 3645 ls'pmnos
344 3577 467 3632 relicere
487 3575 603 3646 suerint
624 3574 697 3630 ausi.
834 3564 837 3568 ’

436 3781 569 3850 Somno
591 3779 734 3872 refectis
756 3779 917 3873 aptatas.
967 3777 1031 3848 Tr.

404 3883 487 3937 Thes.
516 3884 537 3934 Ι.
564 3901 591 3950 p.
620 3885 661 3936 26.
696 3881 731 3933 II.
759 3899 784 3948 p.
812 3883 868 3934 381.
903 3881 1067 3936 Matutinus

267 3997 464 4056 .·Hincmarus
495 3995 531 4052 de
562 4013 621 4050 non
651 3996 729 4050 trina
757 3979 875 4050 Deitala
911 4012 940 4066 p.
972 3995 1048 4054 548:
1094 3999 1137 4054 Et
1174 4002 1280 4059 leuare

197 4084 366 4140 Ambrosius
388 4083 419 4136 ia
440 4081 563 4152 hymnis,
586 4098 658 4152 quos
680 4079 820 4134 catholica
842 4080 1014 4149 frequentat
1034 4084 1174 4150 ecclesia,
1201 4103 1280 4142 nunc

197 4167 237 4222 acl
256 4167 384 4232 Patrem,
408 4181 484 4220 nunc
505 4165 545 4220 ad
557 4166 670 4230 Filium,
694 4181 768 4218 rauna
787 4163 826 4217 ad
840 4162 979 4234 Spiritum
993 4173 1124 4222 sanetum
1141 4169 1277 4240 loquens,

197 4269 254 4306 non
276 4252 409 4306 solitarie
432 4250 523 4305 eidem
540 4266 688 4322 personae
710 4249 740 4302 ia
761 4253 862 4302 sancta
887 4247 1038 4316 Trinitate‚
1063 4251 1102 4306 ad
1123 4269 1212 4323 quam
1237 4255 1278 4310 lo·
1344 4277 1345 4281 ¹
1390 4233 1391 4236 Ἴ

197 4338 306 4414 quitur,
328 4336 451 4410 pluriam
473 4335 618 4408 stapulari
639 4334 752 4390 nomine
774 4331 882 4401 refert,
913 4339 943 4388 et
958 4341 1064 4405 postea
1081 4337 1200 4410 plurali
1223 4356 1277 4394 nu·
