2732 5026
568 421 630 492 105

97 603 130 664 25
150 605 219 664 Vite
237 602 340 662 mundi
360 619 411 662 res
435 603 559 672 caduca,
622 604 663 664 05
684 605 754 662 Vita
774 603 877 662 mundi
897 621 947 662 res
969 605 1092 674 lasciva,

149 691 234 749 vilior
255 707 316 746 una
337 691 464 758 festuca,
686 707 787 759 caeca,
811 689 902 759 ebria,
926 693 1054 765 captiva,

148 793 301 834 venenosa
322 775 391 850 plus
415 781 566 850 serpente,
685 775 887 833 immunditiae
909 777 1027 852 lagena,

99 919 102 926 Δ
150 879 201 918 eur
215 863 246 917 in
261 878 329 920 mea
343 877 446 918 manes
461 864 581 919 mente?
686 879 780 938 quare
802 860 934 918 crederis
957 865 1102 918 amoena?

147 983 215 1041 Vita
237 980 339 1037 mundi
359 999 409 1038 res
432 981 571 1056 maligna,
684 980 875 1038 Vita-mundi
897 999 946 1039 res
968 983 1105 1050 molesta,

95 1067 130 1125 30
148 1073 180 1124 ut
202 1069 310 1124 ameris
330 1083 482 1142 nunquam
498 1065 596 1141 digna,
621 1066 662 1126 70
684 1069 745 1125 vita
768 1068 864 1141 turpis
887 1071 918 1123 et
939 1069 1063 1135 inceste,

149 1151 221 1228 quid
241 1157 332 1227 putas
355 1143 408 1209 tibi
430 1151 586 1225 prodesse,
685 1154 815 1210 cumeis
839 1154 924 1210 nimis
947 1152 1113 1221 inhonesta,

149 1239 172 1296 si
194 1256 242 1295 me
266 1237 359 1294 ducas
382 1237 422 1294 ad
436 1255 496 1293 non
512 1239 598 1294 esse?
685 1256 738 1294 cur
759 1255 807 1294 me
829 1239 949 1312 appetis
971 1239 1097 1296 infesta?

147 1360 215 1416 Vita
238 1357 339 1415 mundi
362 1375 411 1414 res
435 1355 574 1426 crudelis,
682 1357 750 1416 Vita
773 1357 873 1414 mundi
894 1375 943 1416 res
966 1357 1111 1427 mendica,
1172 1391 1178 1401 ι

63 1436 68 1442 ’
148 1461 292 1520 arrogans
316 1448 347 1502 et
368 1441 505 1512 infidelis,
682 1445 831 1519 impotens
855 1448 885 1500 et
907 1443 1067 1518 impudica,
1109 1495 1118 1501 .

94 1528 127 1588 35
148 1529 221 1606 quid
243 1535 273 1588 te
295 1535 385 1606 putas
409 1529 560 1598 adiuvare,
619 1527 659 1587 75
684 1547 751 1586 eum
775 1529 815 1586 sis
838 1528 924 1586 bonis
946 1530 1073 1599 inimica,

147 1617 172 1674 si
195 1615 359 1692 compellas
381 1633 429 1672 me
448 1612 597 1690 peecare?
653 1657 656 1664 .
684 1633 737 1672 mir
759 1633 805 1672 me
826 1615 906 1688 petis
928 1619 962 1670 ut
984 1617 1096 1672 annea?

147 1737 216 1794 Vita
236 1733 339 1792 mundi
360 1751 409 1792 res
431 1735 557 1804 misella,
679 1735 749 1792 Vita
770 1734 872 1792 mundi
894 1751 943 1792 res
967 1752 1080 1804 amasa,
1150 1776 1154 1786 ι

148 1822 295 1878 scelerum
319 1826 492 1878 cunctorum
508 1821 593 1888 celle,
679 1820 768 1880 valde
790 1819 890 1878 brevis
913 1825 944 1878 et
965 1822 1080 1902 ignara,

12 1955 13 1962 ,
119 1931 127 1946 ·
145 1908 318 1964 fornicatrix
341 1907 373 1964 et'
393 1923 493 1975 avara,
684 1924 752 1962 cum
775 1908 815 1962 sis
841 1911 903 1962 tota
925 1907 1015 1980 plena
1038 1907 1116 1975 dolo,

91 1993 127 2051 40
147 2009 200 2050 cur
221 1992 343 2050 haberis
365 2009 496 2068 unquam
511 1995 597 2049 cara?
620 1992 663 2052 80
685 1993 789 2048 curin
811 1996 841 2048 te
863 1993 964 2049 vivere
986 1993 1075 2050 volo?

145 2115 215 2170 Vita
235 2111 338 2170 mundi
359 2115 456 2190 pestis
480 2112 563 2180 dura,
681 2113 750 2168 Vita
772 2106 873 2168 mundi
895 2109 977 2167 nulla
999 2114 1069 2180 vita,

145 2201 208 2260 vita
230 2197 357 2258 mendax
380 2203 410 2256 et
431 2201 560 2274 periura,
682 2199 712 2254 in
735 2213 877 2254 aerumna
899 2214 1018 2272 semper
1039 2199 1108 2266 sita,

147 2303 215 2342 eum
237 2290 272 2342 tu
294 2286 335 2341 sis
358 2287 422 2342 sine
447 2301 595 2352 mensura,
683 2300 750 2340 eum
772 2288 805 2339 tu
828 2301 945 2357 semper
967 2283 1112 2352 moriame,

146 2370 220 2446 quid
240 2371 369 2446 requiris
391 2372 422 2428 in
443 2387 490 2426 me
513 2371 596 2426 iura?
682 2367 755 2444 quid
776 2370 807 2426 in
828 2386 876 2425 me
899 2373 979 2426 stare
996 2371 1131 2426 conaris?

11 2537 12 2546 ,
89 2487 124 2548 45
145 2491 214 2548 Vita
236 2488 337 2547 mundi
359 2507 408 2548 res
431 2489 548 2558 acerba,
618 2489 659 2546 85
681 2489 749 2546 Vita
771 2487 871 2545 mundi
893 2490 988 2562 pestis
1011 2477 1108 2557 foeda,

80 2635 113 2652 .-
146 2575 350 2633 conculcanda
373 2577 450 2632 sieut
471 2575 574 2644 herba,
681 2575 844 2631 animarum
867 2589 957 2631 saeva
979 2574 1101 2650 praeda,

51 2659 55 2668 '
147 2679 214 2718 eum
237 2663 278 2719 sis
300 2661 386 2718 malis
409 2660 568 2728 sitibunda,
682 2677 749 2716 eum
765 2661 805 2716 sis
821 2658 1129 2734 mihipondusgrave,

147 2748 219 2825 quid
240 2765 288 2804 me
308 2749 389 2823 petis
416 2743 594 2804 furibunda?
680 2763 718 2802 ne
733 2763 780 2802 me
795 2749 1130 2820 tangas,preeor,eare.
1182 2773 1185 2785 =

29 2918 35 2929 .
146 2869 213 2924 Vita
235 2867 337 2926 mundi
358 2884 408 2926 res
431 2865 561 2935 deserta,
680 2865 790 2922 Desine
812 2864 884 2922 mihi
904 2865 1037 2939 placere,

11 3013 13 3016 ,
90 2951 126 3010 50
146 2953 237 3010 fallax
258 2955 344 3010 nimis
367 2957 398 3012 et
419 2955 543 3020 ineerta,
616 2950 657 3010 90
680 2951 741 3006 noli
762 2950 835 3008 mihi
858 2949 1059 3025 congaudere,

147 3057 214 3096 eum
228 3044 263 3096 tu
278 3040 319 3096 sis
333 3040 442 3098 vermis
465 3043 497 3096 et
511 3038 594 3105 einis,
682 3036 785 3102 desine
808 3053 855 3094 me
877 3037 1065 3106 conturbare,
1169 3107 1173 3112 ι

147 3125 219 3201 quid
235 3123 272 3182 de
294 3141 341 3182 me
362 3123 525 3201 quidquam
545 3121 596 3180 de·
681 3124 751 3191 noli,
774 3139 898 3197 quaeso,
921 3140 968 3180 me
991 3140 1100 3180 amare.

366 3211 451 3268 finis?

145 3314 214 3372 Vita
236 3312 338 3370 mundi
358 3329 408 3370 res
430 3311 555 3388 pollute,
682 3311 747 3368 Tua
770 3315 878 3368 cuneta
898 3309 1101 3370 blandimenta

145 3415 224 3475 vage
248 3399 377 3474 garrula,
396 3399 509 3466 soluta,
686 3401 797 3470 reputo
822 3397 888 3453 elut
913 3401 1071 3465 tormenta,

86 3481 123 3542 55
146 3503 214 3542 eum
236 3486 278 3542 sis
301 3489 365 3541 tota
386 3483 476 3559 plene
498 3485 596 3559 nugis,
620 3481 659 3541 95
683 3482 845 3538 etidcirco
868 3499 905 3538 ne
928 3483 969 3538 ais
992 3483 1082 3551 lenta,

146 3575 250 3628 eontra
265 3587 312 3627 me
329 3587 382 3627 eur
394 3569 486 3626 stulta
493 3571 594 3645 rugis?
680 3585 727 3624 me
751 3567 873 3636 dimitte,
896 3567 1093 3624 fraudulenta.

144 3675 214 3732 vita
235 3673 347 3744 muudi,
370 3673 432 3731 vita
452 3673 541 3740 sollis,
681 3670 925 3748 Tuumexeeror
947 3687 1086 3742 amorem,

144 3761 232 3817 nimis
254 3761 322 3818 vilis
344 3765 436 3836 atque
456 3758 563 3825 mollis,
680 3761 764 3814 tuum
785 3773 878 3813 renuo
898 3757 1041 3826 favorem,

145 3850 269 3902 eum'tu
292 3847 338 3902 sis.
354 3847 435 3902 iners
459 3850 489 3902 et
503 3841 595 3911 rudis,
682 3848 766 3899 tuum
789 3841 895 3900 desero
919 3859 1066 3916 saporem,
1119 3905 1121 3908 ¹
1184 3857 1188 3862 ’

83 3927 123 3988 00
144 3936 438 3990 mentemmeameur
447 3928 581 3986 deludis?
599 3920 660 3987 100
682 3933 766 3985 tuum
787 3945 847 3984 non
869 3945 934 3984 amo
958 3927 1105 3985 decorem.

144 4035 214 4092 Vita
235 4033 337 4090 mundi
364 4051 413 4091 res
435 4031 595 4100 immunda,
682 4033 747 4106 Ego
770 4036 800 4087 te
822 4047 974 4106 nunquam
996 4032 1111 4100 amabo,

147 4120 219 4177 sotis
241 4121 340 4194 impiis
361 4115 499 4186 iocunda,
662 4191 665 4196 .
683 4123 714 4174 et
735 4119 765 4192 in
780 4121 810 4172 te
825 4134 976 4192 nunquam
992 4117 1129 4192 sperabo,

146 4207 358 4264 nutrimentum
378 4205 526 4272 vitiorum,
681 4219 800 4278 semper
815 4207 919 4259 eontra
934 4209 964 4259 te
979 4202 1130 4278 pugnabo,

148 4290 220 4366 quid
232 4288 328 4349 habes
342 4293 374 4388 in
388 4295 420 4350 te
435 4288 595 4348 deserum?
681 4287 721 4346 ad
756 4293 786 4346 te
823 4303 981 4429 nunquam)
1011 4288 1132 4363 propin·

483 4399 489 4404 ·
902 4391 1009 4449 queo.
1159 4391 1166 4403 “
1208 4382 1211 4390 ’

854 4467 886 4519 ta
