2904 5028
693 431 718 500 ‘l

168 613 316 674 rebantur
338 611 520 695 sequentiae
543 610 582 672 ad
603 611 677 672 illud
698 611 840 680 Alleluia,
863 611 901 670 de
923 629 983 689 quo
1013 611 1243 675 antecedictum

169 706 231 760 est:
249 703 284 758 ut
305 698 407 760 videre
423 704 471 760 ast
491 701 524 758 iu
537 698 709 765 missalibus
724 697 950 774 antiquioribus,
966 698 1046 756 hunc
1059 700 1090 756 in
1104 698 1240 758 modum:

211 831 217 840 ·
254 817 679 876 Natusantesaecul'a
720 861 727 873 .
772 862 779 875 .
823 861 830 874 .
874 859 880 873 .
924 815 951 873 A
994 817 1018 872 E
1061 818 1088 878 U
1130 819 1158 876 A

253 905 323 962 Dei
344 903 468 960 Filius
491 905 591 962 invi-
718 946 726 959 .
770 944 776 958 .
822 945 828 960 .
873 944 880 957 .
925 901 952 958 A
994 903 1018 958 E
1060 901 1088 962 U
1129 904 1157 960 A

186 981 193 991 ’
255 987 648 1046 sibilisinterminns
715 1030 721 1043 .
872 1030 878 1041 .
924 985 951 1042 A
993 987 1017 1043 Ε
1060 989 1087 1046 U
1129 987 1157 1046 A

170 1107 294 1182 Semper
316 1111 426 1176 autem,
450 1125 518 1164 cunr
539 1107 703 1167 canebatur
725 1105 897 1182 Sequentia,
921 1107 1112 1166 omittebatur
1134 1125 1242 1168 neuma
1269 1169 1273 1174 ,

168 1197 241 1266 post
256 1191 393 1250 Alleluia.
417 1191 546 1251 Robrica
562 1192 807 1250 sarisburiensis:
833 1191 968 1262 „Deinde
984 1192 1085 1250 clerici
1098 1195 1241 1268 incipiant

169 1277 299 1337 Alleluia
320 1278 385 1335 sine
407 1284 581 1352 pneumate:
613 1277 694 1356 quod
715 1295 770 1354 per
792 1281 888 1337 totum
917 1293 1025 1336 annum
1054 1278 1239 1348 observetur,

170 1361 290 1438 quando
314 1359 426 1424 dicitur,
445 1365 603 1438 sequentia
632 1369 757 1425 tantum.
809 1359 935 1432 Quando
965 1381 1024 1420 non
1055 1357 1164 1422 dicitur
1192 1381 1241 1422 se-

170 1449 302 1526 quentia,
325 1452 389 1504 tum
411 1445 519 1511 dicitnr
540 1465 669 1524 pneuma
690 1465 708 1506 a
730 1452 794 1506 toto
818 1447 909 1507 choro
939 1453 1010 1522 post
1031 1451 1241 1522 repetitionem
1341 1448 1343 1457 '

171 1524 331 1595 Alleluia.“
978 1585 983 1594 ,

136 1673 147 1694 ,
254 1617 428 1680 Notkeriani
450 1620 588 1679 cumnis
603 1619 749 1679 rationem
763 1620 903 1693 permulti
925 1620 1031 1678 imitati
1046 1625 1131 1678 sunt:
1154 1637 1241 1680 nemo

170 1698 270 1760 tamen
291 1703 397 1761 melius
421 1721 510 1780 quam
533 1701 767 1770 Godeschalcus.
805 1705 953 1764 houmeri
973 1722 1094 1780 quoque
1116 1706 1242 1778 scripto·

169 1805 219 1850 res
248 1805 345 1864 nsque
375 1785 414 1844 ad
437 1789 590 1848 saeculum
611 1789 687 1848 XVI.
717 1792 889 1866 sequentias
918 1791 977 1848 isto
1006 1788 1096 1846 modo
1123 1807 1242 1864 compo·
1314 1831 1317 1838 ,

170 1879 307 1932 suerunt:
332 1875 490 1934 ieiuniores
515 1891 606 1954 saepe
630 1879 660 1933 et
682 1875 879 1933 obscuriores.
925 1874 1015 1944 Quis,
1039 1891 1064 1932 e.
1087 1893 1133 1950 g.,
1164 1876 1242 1935 serre

171 1961 359 2034 sequentiam
379 1958 549 2018 istiusmodi
571 1961 689 2034 generis
711 1963 833 2032 potest?
871 1957 970 2032 „Quid
985 1958 1110 2030 dulcius,
1133 1960 1242 2018 fratres

171 2046 325 2111 carissimi,
348 2048 491 2118 potesta
514 2044 690 2102 Christianis
713 2043 821 2112 audiri,
845 2061 935 2120 quam
957 2043 1075 2119 qnando
1098 2061 1153 2122 per
1175 2061 1243 2102 suo-

170 2147 236 2189 rum
256 2127 377 2188 laudem
393 2128 570 2186 Sanctorum
584 2130 651 2188 laus
667 2134 698 2186 et
713 2128 976 2203 gloria'redoletnr
990 2123 1156 2196 Creatori“,
1179 2135 1242 2186 turn

171 2217 201 2272 in
222 2213 326 2272 ordine
352 2213 412 2272 107
434 2213 569 2270 eiusdem
591 2215 748 2290 farraginis
770 2217 897 2274 versus?
941 2213 1002 2270 Sed
1024 2215 1110 2272 nimis
1133 2214 1242 2272 acerbe

172 2297 209 2356 de
230 2301 267 2356 iis
289 2298 497 2358 iudicaverunt
517 2300 652 2358 homines
676 2300 807 2374 alioquin
830 2299 1003 2358 doctissimi.
1046 2299 1093 2356 Ita
1114 2300 1165 2374 qui
1186 2315 1242 2373 pro

172 2386 302 2460 antiquis
325 2385 502 2460 plerumque
524 2383 679 2459 pugnabat
705 2385 827 2454 ritibus,
856 2385 900 2442 Le
921 2385 1018 2442 Brun:
1057 2383 1174 2456 „Mais
1197 2401 1243 2442 on

110 2518 113 2528 ,
171 2487 213 2528 ne
237 2468 315 2526 doit
336 2486 401 2544 pas
423 2468 612 2544 beaucoup
628 2475 814 2546 regretter
835 2470 869 2526 la
891 2475 1013 2544 perte,
1035 2469 1070 2524 la
1091 2469 1244 2544 plupart

119 2567 131 2579 ⁸
170 2553 310 2614 n’etant
332 2571 399 2630 que
416 2554 457 2612 de
472 2555 684 2630 pitoyables
700 2547 971 2630 rhapsodias.“
994 2553 1090 2612 Bilem
1106 2555 1244 2628 scriptori

171 2639 311 2700 movebat
339 2640 403 2708 illa;
433 2668 476 2678 -
512 2640 597 2714 Allo
629 2666 670 2678 -
699 2641 846 2698 celeste
883 2657 1033 2696 necnon
1070 2656 1244 2713 perenne

173 2751 214 2762 —
234 2726 322 2784 luia.
367 2725 469 2793 Erant,
493 2727 597 2793 fateor,
620 2728 651 2784 in
674 2727 812 2802 sequiora
835 2742 910 2783 aevo
932 2723 1075 2782 inconditi
1098 2740 1190 2798 saepe
1213 2729 1245 2780 et

171 2812 295 2880 inficeti;
318 2809 373 2868 sed
395 2816 426 2867 et
447 2816 509 2868 tum
525 2812 667 2884 temporis
688 2816 773 2867 erant
795 2828 917 2886 quoque
933 2825 1011 2884 quae
1026 2827 1086 2865 non
1101 2808 1245 2866 carebant

171 2897 245 2952 mira
267 2897 415 2954 suavitate
439 2901 469 2952 et
491 2901 659 2954 venustate.
705 2894 801 2966 Quam
822 2896 966 2970 religiose
994 2894 1172 2950 observatus
1194 2891 1244 2951 hic

171 2982 247 3056 ritus
270 2997 388 3056 semper
409 2981 507 3048 merit,
530 2985 661 3046 testatur
683 2982 842 3056 sequentia
863 2981 893 3036 in
922 2980 974 3036 illa
994 2979 1090 3036 Missa
1117 2978 1154 3034 de
1183 2977 1245 3035 An·

173 3065 263 3124 dreae
287 3065 479 3124 Oarolstadtii
501 3066 613 3142 nuptiis
636 3064 824 3122 aGermanis
847 3064 1040 3124 novatoribus
1064 3064 1244 3136 conscripta

172 3152 244 3208 Eius
265 3152 455 3226 principium:
480 3151 591 3223 „Deus
614 3152 645 3208 in
667 3156 719 3208 tua
741 3153 850 3209 virtute
873 3149 1010 3206 Andreas
1027 3147 1245 3207 Oarolstadtius

172 3236 286 3314 gaudet
308 3242 339 3294 et
359 3233 491 3295 laetatur
513 3237 544 3295 in
566 3235 699 3296 thalamo
723 3229 919 3310 copulatus.“=

257 3339 296 3398 Et
317 3340 412 3412 primo
436 3336 556 3412 quidem
577 3355 637 3396 non
659 3339 715 3396 nisi
738 3338 927 3406 assonantiis,
950 3337 1008 3404 vel,
1030 3333 1245 3408 utplurimum,

3 3453 5 3462 v
120 3442 129 3452 ·
173 3425 377 3486 consonantiis
407 3423 591 3497 simplicibus
620 3424 779 3482 utebantur
813 3424 1037 3498 sequentiarum
1064 3421 1245 3492 scriptores:

174 3512 203 3568 S.
226 3510 377 3570 Notkerus
397 3511 465 3583 ipse
488 3507 662 3586 aliquando,
685 3509 720 3566 tt
740 3511 771 3566 in
792 3508 856 3564 Eia
876 3507 1088 3564 recolamus
1111 3503 1246 3577 singulos

173 3611 289 3664 versus,
305 3595 468 3670 plerasque
484 3610 519 3650 ex
533 3593 781 3660 intercisionibus,
799 3591 916 3667 syllaba
931 3591 958 3648 A
971 3588 1096 3646 claudit:
1119 3605 1247 3662 sequen·
1361 3604 1364 3608 ·

173 3683 245 3740 dam
274 3680 370 3740 Laus
399 3679 467 3740 tibi
497 3669 653 3738 Christe
672 3676 712 3743 tin
740 3679 818 3736 testo
849 3676 901 3734 SS.
929 3671 1134 3739 Innocentum)
1163 3674 1193 3730 in
1215 3671 1258 3748 li.¹
1295 3750 1298 3755 ¹

79 3795 83 3810 1
174 3764 343 3842 Aliquando
366 3767 396 3826 in
418 3763 566 3840 aliquibus
590 3780 626 3822 su
641 3762 746 3822 dicolis
770 3769 801 3820 et
822 3763 1028 3820 intercisiones
1051 3764 1082 3816 et
1102 3759 1178 3816 fines
1200 3771 1248 3814 as·

175 3856 317 3910 sonantes
346 3849 453 3917 habet3
470 3867 495 3908 e.
519 3867 561 3922 ga
605 3849 685 3906 Ero
715 3865 771 3905 nos
799 3848 1015 3921 supplicantes
1035 3833 1040 3920 i
1058 3843 1113 3900 tibi
1142 3841 1249 3900 exaudi

175 3938 333 4012 propitius,
350 3935 460 3994 Sancte
483 3867 668 4009 Spiritumdi
684 3933 754 3993 Sine
776 3949 835 4008 qno
851 3949 957 4006 preces
980 3946 1098 3986 omn-es
1118 3917 1123 4005 i
1143 3943 1250 3986 cassas

175 4021 339 4082 creduntur
362 4026 393 4078 et
407 4019 547 4094 indignae
559 4019 615 4078 Dei
636 4018 781 4078 auribus.
797 4007 811 4093 ΙΙ
848 4015 908 4074 Sed
922 4017 999 4074 haec
1014 4033 1074 4072 non
1096 4015 1153 4072 nisi
1173 4029 1250 4070 raro.

178 4108 366 4166 Hermannus
397 4105 576 4164 Contractus
604 4105 697 4162 multo
726 4104 852 4160 ulterius
882 4099 1088 4177 progreditur:
1117 4101 1143 4155 is
1170 4099 1251 4154 circs

176 4193 213 4250 A.
230 4193 265 4250 D.
291 4190 372 4251 1070
387 4191 504 4250 duruit.
548 4189 625 4248 Nam
654 4188 823 4262 duplicibus
847 4187 1050 4247 consonantiis
1072 4200 1131 4240 non
1154 4182 1251 4239 solunt

95 4313 104 4322 -
176 4279 286 4344 utitur,
316 4281 351 4334 ut
372 4277 402 4336 in
423 4276 488 4334 illo:
521 4275 567 4332 Tu
588 4271 724 4350 Agrium,
755 4273 871 4347 Regem
900 4277 999 4328 terrae
1026 4269 1250 4332 dominatorem,

175 4362 330 4422 Moabitici
352 4359 392 4420 de
406 4365 494 4433 petra
516 4359 629 4418 deserti
644 4359 684 4416 ad
702 4364 834 4416 montem
848 4358 927 4415 filiae
943 4357 1015 4414 Sion
1036 4351 1209 4410 traduxisti
1223 4338 1237 4427 ΙΙ
