2904 5028
756 402 779 476 8

236 591 343 667 Tuque
357 591 504 647 furentem
519 589 693 656 Leviathan,
718 579 888 662 serpentem
903 591 1133 662 tortuosumque
1148 592 1180 644 et
1194 592 1309 644 rectum

237 677 391 744 collidens,
409 675 552 732 damnoso
568 675 688 732 crimine
704 673 845 730 mundum
860 675 1019 730 exemisti
1034 663 1049 749 ΙΙ
1064 692 1070 728 z
1093 691 1198 730 verum
1222 675 1309 729 etiam

238 761 398 838 aliqnando
428 759 466 815 ad
491 761 616 816 sormam
645 765 861 834 accentumque
890 759 1068 832 hymnorum
1098 777 1168 816 suos
1192 756 1310 832 redegit

237 864 351 905 versus.
395 845 537 918 Exemplo
561 845 614 900 sit:
638 843 717 901 Audi
739 862 803 911 nos,
827 861 895 908 nam
917 849 951 900 te
969 844 1077 900 Filius
1099 843 1174 900 nihil
1196 859 1309 916 negans

237 933 386 988 honorat
401 919 415 1007 ΙΙ
430 930 519 986 Salva
534 947 597 996 nos,
613 929 692 997 Iesu,
707 947 763 1004 pro
776 928 896 1003 quibus
919 934 949 984 te
964 929 1054 1004 Virgo
1066 928 1165 986 Mater
1181 932 1271 984 orat.
1286 915 1298 1002 ΙΙ

239 1017 419 1092 Sequentiae
442 1015 570 1071 saeculis
592 1014 642 1069 XI.
674 1015 859 1088 compositae
891 1018 921 1070 et
949 1014 1071 1070 ineunte
1100 1014 1224 1070 saeculo
1248 1012 1308 1068 XII.

238 1103 334 1176 magis
356 1102 513 1174 magisque
535 1099 565 1154 in
587 1099 665 1155 hanc
688 1111 821 1154 normam
842 1097 1022 1172 vergebant:
1046 1103 1079 1154 ut
1100 1099 1168 1165 illa,
1200 1097 1311 1156 Victi·

238 1203 308 1242 mae
330 1183 520 1251 Paschali,
545 1183 634 1257 quarn
657 1185 778 1240 saeculo
799 1183 863 1240 xss.
887 1183 1014 1250 ascribo,
1038 1183 1222 1258 amplissime
1245 1198 1310 1256 pro-

237 1269 298 1326 bat.
343 1271 397 1326 Dic
420 1269 521 1336 nobis,
549 1269 670 1337 Maria,
699 1258 703 1346 l
730 1267 802 1344 qnid
832 1269 932 1326 vidisti
954 1270 984 1324 in
999 1269 1076 1326 via?
1105 1258 1120 1345 ΙΙ
1148 1267 1311 1342 Angelicos

240 1359 378 1420 testes,
402 1353 554 1410 sudarium
576 1359 606 1410 et
628 1351 762 1410 vestes.
778 1343 792 1430 ΙΙ

323 1439 399 1495 Hinc
421 1440 550 1494 sortasse
578 1455 662 1495 suam
686 1441 908 1514 sequentiarum
935 1438 1059 1496 sormam
1089 1442 1245 1496 mutuatus
1268 1437 1312 1493 cst

239 1522 372 1581 Adamus
396 1522 432 1580 de
456 1524 566 1580 Sancto
589 1525 718 1592 Victore,
743 1526 794 1599 qui
817 1526 897 1580 circa
918 1523 954 1578 Α.
967 1523 1000 1580 D.
1027 1517 1224 1581 ll90‘vitam
1246 1537 1311 1577 cum

88 1617 92 1630 '
174 1624 180 1635 ¹
239 1609 461 1666 immortalitate
485 1609 685 1666 commutavit,
730 1609 774 1664 De
798 1625 833 1664 eo
863 1611 938 1664 scite
961 1605 1081 1682 quidem
1104 1612 1134 1664 et
1157 1607 1335 1680 eleganter·

239 1695 291 1750 Vir
311 1693 514 1760 Reverendus,
537 1693 704 1750 Richardus
718 1693 867 1751 Chencvix
883 1691 1016 1760 Trench‚
1041 1693 1125 1748 cuius
1148 1693 1244 1748 verba
1265 1690 1310 1746 hio
1334 1743 1339 1748 .

126 1842 130 1846 ,
239 1782 322 1836 iuvat
336 1779 443 1834 Latina
459 1780 596 1836 versione
616 1778 736 1834 donare.
776 1779 840 1850 „De
856 1777 963 1833 Adami
979 1779 1143 1852 sequentiis
1160 1777 1213 1833 alii
1229 1777 1311 1832 aliter

239 1863 455 1920 iudicaverunt.
495 1862 553 1932 Qui
576 1867 694 1920 eumin
718 1881 831 1920 summo
854 1863 968 1919 honore
989 1863 1110 1930 habent,
1132 1864 1182 1918 vix
1205 1861 1310 1918 infitias

239 1949 340 2016 ibunt,
370 1954 492 2022 poetam
528 1950 558 2004 in
587 1951 715 2022 mystica
744 1949 862 2005 Veteris
892 1948 1076 2004 Testamenti
1115 1947 1310 2021 explicatione

239 2035 359 2100 nimium
381 2032 527 2101 laborare,
551 2051 666 2109 suoque
690 2035 785 2108 ipsius
807 2035 936 2108 ingenio,
961 2032 1000 2088 ad
1021 2031 1052 2088 id
1073 2031 1218 2100 adhibito,
1243 2049 1310 2087 non·

239 2133 391 2192 nunquam
417 2119 506 2174 abuti.
550 2119 613 2174 Nec
637 2137 755 2192 semper
778 2117 966 2174 doctissimas
990 2133 1060 2174 suas
1084 2117 1309 2175 observationes

239 2207 269 2260 in
291 2221 420 2278 poeseos
436 2204 583 2260 servorem
597 2204 730 2277 perfecte
747 2204 856 2260 effusas
874 2203 1000 2258 exhibet.
1037 2201 1209 2278 Aliquando
1226 2203 1310 2259 etiam

240 2289 307 2364 plus
329 2288 426 2364 aequo
448 2287 579 2356 laborat,
603 2295 636 2344 ut
658 2306 763 2345 versus
786 2289 875 2344 nimia
904 2293 1063 2361 componat
1085 2293 1166 2354 arte,
1195 2289 1311 2345 intrica-

240 2375 372 2430 tissimas
396 2375 605 2429 consonantias
628 2375 686 2430 iarn
708 2373 903 2447 prodigaliter
925 2373 1108 2440 accumulet,
1139 2373 1198 2428 iam
1223 2371 1311 2428 'subti-

239 2457 308 2514 liter
329 2460 407 2514 inter
429 2475 462 2514 se
485 2459 571 2532 liget:
596 2461 629 2514 ut
652 2475 684 2514 se
707 2459 883 2532 magistrum
914 2459 1008 2514 omnis
1030 2475 1172 2516 versuum
1195 2456 1310 2532 generis

242 2543 496 2598 absolutissimum
519 2543 672 2610 exhibeat,
706 2559 761 2598 neo
789 2548 851 2598 tam
880 2559 898 2598 a
926 2543 1052 2599 vinculis
1083 2543 1145 2598 suis
1168 2540 1307 2604 adhiberi,

241 2645 330 2702 quam
352 2629 381 2682 in
405 2629 448 2684 eis
472 2628 591 2700 gloriari
616 2627 808 2684 demonstret.
851 2627 974 2703 Culpaa
998 2645 1075 2702 quae
1098 2629 1179 2683 nimii
1203 2621 1310 2702 aliquid

240 2713 337 2768 meriti
359 2713 389 2767 in
413 2729 445 2767 se
468 2711 588 2768 habent.
635 2713 792 2769 Circulnm·
815 2713 991 2768 universalis
1022 2713 1194 2787 theologiae
1217 2711 1309 2786 perie-

241 2798 381 2853 otissime'
396 2797 495 2863 callet,
515 2797 624 2853 Sancta
640 2797 794 2870 Scriptura
816 2815 874 2852 non
897 2799 992 2852 minus
1016 2797 1203 2853 abundanter
1225 2811 1309 2871 quam

239 2881 413 2937 mirabiliter
435 2883 537 2948 utitur,
562 2883 839 2956 versusexquisita
854 2881 984 2956 quadam
1006 2887 1070 2964 arte
1094 2881 1220 2948 ordinat,
1244 2897 1309 2936 con-

241 2967 454 3038 sonantiasque
478 2965 617 3038 disponit,
642 2967 808 3033 melodiam,
833 2965 902 3022 dum
926 2966 1074 3022 adfinem
1096 2967 1204 3041 vergit,
1229 2965 1308 3020 ditio·

238 3069 301 3107 rern
324 3051 548 3124 plenioremque
572 3051 710 3107 exhibere
733 3056 831 3118 curat,
855 3053 884 3107 in
908 3053 1041 3126 singulos
1072 3069 1178 3108 uersus
1210 3053 1308 3106 mirum

240 3141 383 3210 quantum
413 3136 458 3190 vis
488 3135 624 3191 infundat
646 3134 682 3202 (e.
705 3155 733 3209 g.
781 3135 897 3206 „Offort
918 3139 1027 3204 multa,
1059 3135 1188 3209 spondet
1216 3136 1306 3210 plura,

238 3220 433 3296 Periturns
457 3221 634 3292 peritura:
650 3247 693 3258 -
708 3220 767 3276 Per
789 3237 878 3294 quam
900 3222 986 3294 plebs
1009 3220 1210 3277 Alexandrina
1230 3221 1308 3275 Fae·
1357 3237 1362 3248 ·

239 3306 356 3360 minae
379 3321 449 3358 non
471 3305 673 3360 fae'minina
696 3304 817 3378 Stupuit
845 3304 989 3380 ingenia3l
1021 3307 1225 3362 felicissimum
1247 3319 1307 3359 nar-

238 3387 324 3446 randi
347 3389 505 3444 artificium
527 3389 595 3445 ideo
620 3391 734 3464 gratius
749 3389 913 3446 lectoribus
928 3389 1037 3458 reddit,
1062 3393 1132 3464 quia
1147 3409 1225 3465 quae
1247 3387 1307 3445 aliis

237 3474 352 3547 profert
362 3475 439 3546 ‚ipse
456 3491 489 3529 se
513 3473 637 3530 credere
659 3480 690 3530 et
705 3477 816 3532 sentire
839 3481 900 3532 tarn
916 3475 1028 3550 liquido
1039 3468 1257 3534 'demonstratf‘
1268 3497 1306 3508 -

160 3600 162 3606 .
237 3559 300 3614 Nec
324 3557 455 3614 absurde
477 3559 626 3615 Iohannes
650 3557 834 3626 Tolosanus,
864 3565 895 3616 et
925 3561 990 3633 ipse
1012 3559 1098 3618 Prior
1128 3561 1305 3618 Victorinus:

240 3643 355 3715 „Valde
378 3643 487 3699 multas
503 3661 610 3717 prosas
626 3644 707 3711 fecit,
731 3661 808 3718 quae
826 3645 977 3702 succincte
997 3650 1028 3702 et
1044 3645 1230 3711 clausulatim
1244 3655 1306 3718 pro·

238 3727 419 3804 gredientea
442 3734 569 3786 venusto
592 3729 751 3785 verborum
772 3732 957 3787 matrimonio
979 3729 1127 3788 subtiliter
1143 3729 1305 3790 decoratae,

239 3815 455 3882 sententiarum
477 3813 613 3870 flosculis
643 3814 817 3871 mirabiliter
845 3816 1029 3888 picturatae,
1061 3815 1214 3872 schemate
1243 3827 1306 3869 oon·

238 3901 449 3973 gruentissimo
474 3903 707 3972 componuntur:
730 3901 759 3955 in
783 3899 890 3973 quibus
921 3905 951 3957 et
974 3917 1041 3956 cnm
1063 3902 1222 3958 interserat
1242 3913 1304 3972 pro·

147 3986 155 3998 '
236 3983 357 4057 phetias
381 3990 411 4040 et
432 3985 556 4057 figuras,
581 3985 711 4058 quaein
735 4001 825 4040 sensu
846 3998 936 4059 quem
963 3984 1146 4059 protendunt
1175 3985 1305 4043 videntur

237 4068 512 4134 obscuratissimae,
536 4073 636 4124 tamen
660 4070 702 4124 sic
727 4086 778 4126 eas
802 4068 926 4143 adaptat
949 4069 988 4126 ad
1017 4087 1103 4126 suum
1125 4070 1303 4145 propositum

236 4154 403 4220 manifeste,
427 4158 461 4209 ut
475 4155 571 4228 magis
592 4152 750 4210 videantur
765 4153 920 4212 historiam
935 4160 1036 4212 texere
1052 4172 1141 4230 quam
1156 4138 1301 4230 figuram·“

326 4239 388 4295 Nec
411 4241 525 4305 mirum,
541 4240 616 4294 tanti
632 4231 981 4304 nominis'auctoritatem
1003 4241 1177 4315 tantamque
1199 4231 1300 4311 ingenii
1325 4243 1332 4249 '

240 4325 352 4397 poetici
373 4325 432 4382 vim
461 4341 570 4382 novum
597 4326 820 4399 sequentiarum
842 4341 938 4400 genus
961 4324 1192 4384 aScandiuavia
1213 4331 1300 4394 usque
