2848 5030
534 639 664 698 Verbum
685 630 796 698 bonum
817 646 849 698 et
866 641 963 700 'suave

534 725 733 784 Pereonemus
756 725 830 788 illud
852 725 917 783 Ave

532 811 592 870 Per
607 811 689 887 quod
704 812 816 870 Christi
830 813 865 868 fit
880 811 1023 872 conclave

584 899 685 974 Virgo,
708 903 813 966 mater,
836 897 912 955 fllia:

532 1017 592 1075 Per
614 1015 780 1092 qnod.Avc
804 1018 935 1076 salutata

533 1103 604 1160 Mox
627 1105 765 1177 concepit
786 1101 970 1160 foecundata

534 1189 627 1264 Virgo
650 1188 747 1247 Dauid
770 1190 863 1264 stirpe
885 1192 965 1258 nata,

586 1273 669 1330 Inter
691 1276 793 1349 spinas
815 1275 885 1333 lilia.

228 1409 300 1469 Eam
322 1411 406 1468 Mina.
431 1409 689 1489 Argentoratense
713 1409 826 1468 saeculi
847 1409 909 1470 XV.
930 1411 974 1468 ita
996 1407 1130 1468 exhibet:

405 1574 407 1582 ’
496 1565 551 1622 Ein
572 1564 696 1624 verbnm
718 1563 829 1622 bonum
851 1562 912 1622 und
934 1565 1026 1623 siiave

494 1649 576 1708 Sand
598 1649 643 1708 dir
658 1649 727 1719 Got,
752 1649 805 1707 der
826 1649 942 1708 heisset
960 1650 1035 1720 Ave,

493 1735 635 1796 Zehende
648 1743 724 1793 wert
747 1735 787 1794 du
802 1735 878 1794 Geta
894 1737 1037 1794 conclave

557 1822 680 1890 Mutter‚
704 1837 782 1898 mag,
807 1823 930 1880 attilia.

494 1907 541 1966 Da
562 1909 646 1965 mitte
668 1907 802 1966 wurdest
831 1908 971 1976 salutata,

419 1996 422 2002 '
495 1995 571 2050 Vom
584 1993 706 2070 heilgen
728 1995 826 2070 geiste
840 1992 1030 2062 foecundata,

495 2079 561 2138 Von
582 2079 654 2136 herr
675 2079 781 2138 Davitc
804 2082 950 2137 stammen
962 2084 1034 2136 nata

558 2163 604 2222 On
628 2163 720 2222 dorne
744 2163 810 2222 sind
832 2163 891 2223 den
912 2165 983 2226 lilia.

227 2283 274 2341 Ita
296 2300 419 2378 quoque
439 2285 469 2340 in
491 2281 616 2359 Anglia:

472 2399 604 2478 Blessyd
624 2399 662 2460 be
685 2404 753 2461 that
774 2402 882 2479 mayde
904 2401 1008 2478 Many!

473 2489 554 2546 Born
575 2489 614 2546 he
636 2505 699 2546 was
722 2490 757 2546 of
773 2486 828 2547 her
849 2488 939 2565 body,
1056 2523 1060 2530 -

474 2573 597 2632 Goddes
621 2591 693 2632 sone
716 2575 783 2632 that
806 2579 902 2650 ayttet
923 2593 962 2632 on
984 2573 1049 2651 ligh

473 2661 541 2718 Non
563 2677 600 2718 ex
621 2661 698 2718 virili
721 2662 842 2718 semine.

476 2780 587 2852 Christ,
611 2779 677 2838 that
699 2779 828 2856 deydest
850 2799 888 2838 on
910 2779 963 2838 the
986 2785 1050 2839 trec

515 2863 574 2923 Pro
597 2872 701 2924 nostra
724 2868 832 2936 salute,

472 2951 542 3010 And
563 2957 682 3010 arosest
703 2955 733 3010 in
755 2952 850 3028 dayes
873 2952 959 3012 three

514 3038 620 3096 Divina
641 3039 762 3108 virtute,
900 3046 905 3052 '

472 3121 524 3181 Yif
541 3142 577 3180 us
601 3141 691 3198 grace
715 3125 799 3182 sione
821 3131 852 3182 to
874 3121 932 3182 fiee

520 3209 624 3266 Stante
646 3211 802 3280 iuventute

472 3293 553 3358 'ibat
568 3295 606 3352 on
623 3293 806 3372 domesdaye
821 3311 886 3362 wce
901 3311 989 3370 maye
1005 3311 1057 3354 see

515 3381 638 3440 Vultum
649 3387 744 3438 ‘tuum
766 3386 839 3439 tute.
918 3409 922 3416 ·

312 3499 401 3570 Quod
422 3503 571 3577 persaepe
592 3502 623 3557 in
653 3501 793 3575 Hymnis,
815 3499 896 3559 idem
926 3515 1047 3576 quoque
1077 3499 1108 3556 in
1129 3498 1302 3574 Sequentiie

227 3585 446 3645 observandum
469 3592 524 3646 est.
570 3587 708 3662 Scriptor
731 3603 828 3646 novae
849 3603 960 3662 procae
990 3586 1169 3661 principium
1192 3599 1228 3641 ex
1250 3599 1303 3640 an-
1409 3617 1410 3640 t

227 3673 365 3747 aquinae,
390 3677 422 3728 et
436 3675 551 3748 gratiae
567 3670 780 3740 conciliandae,
798 3678 829 3730 et
844 3671 990 3730 melodiae
1007 3687 1107 3738 cansa,
1130 3668 1213 3726 haud
1234 3675 1303 3726 iano
1409 3669 1410 3698 ³

226 3759 343 3830 petivit.
386 3759 503 3816 Nemini
524 3776 584 3816 non
606 3762 677 3816 nota
700 3764 748 3816 est
770 3758 934 3834 Sequentia
956 3757 1007 3814 illa
1028 3754 1249 3814 Bernardiana:
1409 3753 1410 3766 ¹

310 3893 524 3952 Laetabundus
548 3896 662 3953 exultet
683 3893 781 3952 fidelis
805 3895 930 3954 chorus:
958 3891 1097 3952 Alleluia.
1122 3931 1125 3940 ‹

310 3977 425 4056 Regem
438 3999 545 4057 regum
559 3982 690 4038 intactae
705 3979 838 4056 profudit
854 3979 974 4038 thorus:
997 3979 1058 4037 Res
1073 3975 1215 4036 miranda.

226 4098 322 4170 Quam
344 4077 453 4158 multas
476 4099 615 4160 habuerit
636 4101 826 4170 imitationes,
849 4099 926 4160 haec
949 4102 1009 4158 sint
1031 4098 1175 4176 exemplo.

225 4219 350 4278 Miasale
372 4219 550 4292 Leodiense,
574 4223 604 4278 in
627 4223 717 4280 Festo
740 4221 792 4280 SS.
816 4221 944 4280 Simonis
966 4225 998 4278 et
1018 4218 1127 4276 Iudae:

311 4339 376 4398 Hac
399 4341 434 4396 in
452 4339 501 4398 die
522 4341 653 4400 lactetur
676 4341 786 4399 chorus
808 4337 919 4398 fidelis:
943 4339 1082 4398 Alleluia.

314 4423 381 4498 Qua
403 4443 470 4485 cum
492 4425 567 4486 Iuda
590 4429 629 4486 sit
652 4425 753 4486 Simon
776 4423 1136 4488 advectuseoeus:1tes
1159 4419 1303 4482 nniranda
1408 4421 1409 4472 i
