2836 5024
277 589 304 650 5.
327 589 543 646 Holoceustum
565 589 690 646 Domine
713 589 841 646 offerunt
862 607 899 646 ex
920 591 1040 665 integro
1051 591 1188 665 Virgines
1209 598 1303 661 castae,

239 705 242 711 ·
406 693 532 750 corpore
569 674 719 774 mundae,
757 677 954 732 immortalem
991 678 1140 750 Sponsum
1177 679 1304 752 eligentes

407 762 566 819 Christum.
595 761 620 818 0
643 761 747 818 felices
770 763 901 835 nuptiae,
926 761 1034 836 quibus
1056 763 1157 819 nullae
1178 763 1303 831 mucules,

407 847 480 903 nulli
503 846 622 904 dolores
644 851 751 922 pertus
767 852 837 904 sunt
853 864 972 922 graves,
995 865 1051 906 nec
1065 848 1165 922 pellex
1185 849 1304 916 sineno,

406 950 462 990 nec
485 933 584 987 nutrix
606 933 748 988 molesta!

277 1035 304 1094 6.
327 1035 471 1094 Lectulos
493 1033 600 1090 herum
623 1033 743 1090 Christo
766 1039 911 1092 recentes
932 1033 1041 1109 Angeli
1077 1035 1191 1094 vellent
1225 1041 1305 1092 custo

409 1120 526 1176 dientes
542 1136 580 1175 ne
596 1121 663 1193 quis
678 1120 813 1175 incestus
830 1123 957 1178 temeret
969 1121 1051 1176 illus:
1075 1119 1199 1180 ensibus
1214 1122 1305 1178 strictis

409 1211 512 1262 arcent
533 1203 709 1262 immundos.
731 1204 846 1260 Dormit
867 1207 897 1261 in
919 1208 988 1264 istis
1004 1206 1141 1264 Christus
1165 1225 1229 1263 cnm
1247 1205 1303 1262 illis:

408 1292 478 1350 felix
505 1291 555 1348 hic
586 1307 723 1356 somnus,
761 1293 881 1364 requies
912 1289 1023 1348 dulcis:
1062 1309 1122 1366 quo
1153 1293 1305 1350 conioselm

338 1379 343 1392 “
407 1379 492 1450 virgo
507 1374 605 1431 fidelis
627 1377 705 1432 inter
726 1376 880 1449 amplexus
897 1377 1007 1449 Sponsi
1022 1378 1174 1436 coelestis.
1196 1378 1305 1434 Dextera
1361 1423 1362 1434 .

410 1463 518 1535 Sponsi
542 1477 654 1534 sponsa
676 1461 833 1534 complere
848 1463 947 1535 capite
961 1462 1050 1520 laeve
1063 1461 1174 1524 dormit
1186 1463 1303 1528 subnixe:
1361 1453 1362 1456 ’

408 1546 536 1620 pervigil
559 1545 649 1604 corde
672 1563 798 1619 corpore
821 1545 930 1604 dormit
958 1553 990 1604 et
1012 1547 1122 1622 Sponsi
1151 1553 1233 1624 grets
1253 1549 1304 1604 sinu

409 1633 544 1706 quiescit.
589 1631 768 1706 Approbens
803 1649 939 1688 somnum
969 1633 1104 1707 Sponsus
1142 1635 1243 1690 beatus
1273 1633 1305 1686 in·

410 1719 537 1792 quietari
552 1717 693 1790 prohibet
707 1717 804 1774 illum:
828 1735 866 1774 ne
883 1719 1059 1786 suscitetur,
1081 1720 1188 1794 inquit
1203 1717 1304 1776 dilecte:

409 1802 479 1858 dum
501 1804 568 1876 ipse
589 1803 671 1860 volet
694 1801 821 1858 dormiat
843 1804 893 1860 ita.

277 1905 306 1964 7.
329 1906 385 1962 Hic
409 1905 606 1962 ecelesiastici
641 1905 698 1961 flos
727 1909 775 1961 est
795 1905 846 1962 ille
869 1907 1023 1980 germinis,
1054 1909 1117 1962 tem
1138 1906 1214 1962 rosis
1234 1917 1305 1980 quum

384 2059 385 2063 Ἰ
408 1992 477 2048 liliis
493 1990 647 2064 multiplex
659 1991 835 2058 innumeris,-
854 2007 980 2065 qnornm
996 1997 1044 2048 est
1058 1991 1227 2066 fragrantiis
1247 1995 1304 2062 ager
1359 2017 1362 2030 ·

409 2078 518 2151 Sponsi
540 2075 662 2144 nobilis,
694 2075 817 2132 neribus
840 2082 871 2132 et
893 2077 989 2134 oculis
1011 2093 1107 2152 oeque
1132 2071 1312 2134 delectabilis.¹

409 2162 541 2218 ornatae
564 2167 625 2218 tem
646 2161 770 2235 byssina
800 2177 890 2236 quem
919 2166 1006 2220 veste
1035 2171 1202 2237 purpurea,
1235 2160 1303 2215 leons
1361 2157 1362 2162 ’

307 2271 311 2281 ·
408 2247 583 2314 tensibile,
606 2263 692 2302 reses
714 2246 827 2304 hubent
850 2245 981 2316 dexteru,
1006 2252 1036 2304 et
1058 2263 1171 2304 corone
1189 2257 1302 2320 gemmet

407 2331 562 2390 redimitae
585 2333 686 2404 capite
700 2332 779 2407 Agni
795 2334 858 2388 sine
873 2334 991 2389 macule
1005 2337 1187 2408 percmrunt
1206 2331 1299 2387 itinere

275 2437 305 2494 8.
328 2435 383 2496 His
407 2451 528 2511 quoque
550 2434 673 2520 floribus
696 2451 815 2508 semper
829 2435 1002 2494 recentibus
1018 2435 1196 2492 Senatorum
1208 2435 1303 2490 intento

408 2522 499 2595 cupiti
522 2525 592 2576 sunt
614 2507 703 2578 ser‘te
747 2520 802 2578 His
824 2521 930 2595 Agnus
952 2522 1100 2595 pascitur,
1133 2527 1164 2578 et
1189 2519 1232 2578 bis
1249 2515 1301 2574 reli·
1361 2529 1362 2560 ι

408 2608 500 2666 citur:
530 2606 562 2662 hi
584 2605 673 2662 flores
695 2603 793 2664 electe
814 2611 884 2665 sunt
903 2607 982 2664 illius
1006 2614 1086 2666 es'csu
1132 2607 1207 2664 Hinc
1228 2603 1300 2660 choro
1361 2613 1362 2666 ι

407 2693 512 2748 talium
533 2691 663 2747 vallatus
686 2692 836 2766 agminum
857 2691 1012 2749 hortorum
1034 2709 1162 2750 amoene
1184 2686 1300 2747 discurrit

407 2778 464 2834 huc
486 2777 563 2834 illac.

261 2863 265 2873 “
276 2861 386 2932 nuni
408 2879 468 2918 non
491 2861 724 2936 comprehensus
762 2861 799 2917 eb
828 2861 876 2918 his
903 2879 981 2919 nunc
1016 2863 1156 2936 elapsus,
1192 2857 1298 2938 quedem

409 2949 495 3022 quasi
517 2947 590 3020 fuge
612 2947 750 3020 petulans
774 2947 895 3006 exultet.

258 3034 305 3092 10.
330 3031 459 3090 Crebros
483 3032 541 3088 salt
529 3037 577 3087 tus
602 3030 653 3086 dat
675 3032 739 3088 bic
746 3031 852 3106 Agnus
874 3033 1042 3090 interillos
1065 3019 1258 3095 discurrendo,
1276 3027 1298 3080 el

408 3136 475 3174 cnm
497 3118 570 3191 ipsis
593 3118 785 3192 requiescit
777 3135 807 3173 ιι
830 3119 947 3175 fervore
969 3117 1141 3176 meridiano.

256 3205 303 3264 11.
325 3205 359 3264 ln
383 3221 484 3262 earum
506 3207 577 3276 pect
579 3219 629 3260 ore
653 3202 769 3260 cubat
762 3221 792 3260 m
815 3203 955 3272 meridie,
978 3205 1022 3262 int
1024 3222 1057 3262 er
1087 3220 1224 3280 mammos
1248 3197 1295 3254 Vir

406 3291 508 3388 ginum
530 3288 680 3344 collocans
705 3288 880 3346 cubiculum.

256 3376 302 3435 12.
325 3371 416 3450 Virgo
440 3376 551 3450 quippe
574 3391 640 3430 cum
664 3374 731 3430 sit
724 3392 790 3448 epse
812 3375 997 3450 virgineque
1016 3359 1113 3432 Matre
1137 3380 1187 3433 ιιι
1188 3391 1234 3440 us,
1253 3368 1294 3425 vir

406 3460 522 3536 gineles
546 3477 637 3533 snper
660 3476 762 3516 omnes
785 3464 865 3516 emat
888 3465 919 3516 et
941 3463 1061 3534 quaerit
1082 3475 1229 3518 recessus:

232 3541 302 3606 113.
326 3547 452 3606 Somnus
489 3546 531 3602 illi
567 3543 735 3620 placidus
728 3563 758 3605 ιι
781 3563 882 3605 eurum
910 3545 1040 3613 simbus,
1077 3546 1123 3604 Ne
1157 3557 1259 3621 queo
1236 3541 1293 3596 fult
1271 3603 1275 3612 ,

404 3632 522 3690 macule
543 3647 599 3688 sue
620 3628 722 3705 foedet
744 3631 864 3688 vellera.

180 3733 184 3737 ’
255 3717 303 3778 11.
324 3717 389 3776 Ηιι
413 3717 535 3776 attende
559 3717 708 3774 canticum
731 3715 907 3774 devotarum
923 3717 1084 3792 virginum·
1098 3717 1210 3792 insigne
1223 3707 1291 3767 coll*

404 3805 500 3876 gium‚
524 3819 583 3877 quo
607 3805 711 3858 nostre.
734 3801 853 3860 devotio
868 3803 981 3860 maiore
996 3820 1029 3860 se
1053 3801 1151 3861 studio
1174 3795 1290 3870 templum

404 3893 490 3944 ornet
511 3888 646 3946 Domino.

335 4007 363 4064 2.
386 4005 518 4078 Iuncta
539 4008 674 4066 lutere.
718 4007 770 4064 N..
801 4007 959 4080 Manifesta
988 4024 1021 4064 se
1036 4006 1140 4082 prodit
1159 4007 1239 4068 euno,
1257 4011 1291 4052 61¹¹

251 4100 345 4150 tamen
381 4093 490 4150 medere
518 4111 645 4168 prorsus
692 4111 809 4168 nequeo.
869 4093 946 4148 Num
990 4091 1151 4168 legendnm
1190 4090 1235 4144 Ιιι
1224 4079 1290 4141 teri?

249 4177 458 4236 Ductricem
489 4180 610 4252 scripsit
631 4180 666 4236 N.
689 4195 743 4252 pro
774 4178 914 4247 ducem,
945 4183 1039 4235 metro
1069 4177 1100 4234 id
1137 4166 1287 4251 postulante·

250 4263 451 4322 30hrrsto
475 4269 729 4322 consecratae
774 4265 881 4322 Neele:
913 4261 1287 4322 Haeeoertameoieasu
1331 4274 1336 4279 ·

247 4351 348 4408 abesse
370 4351 487 4408 utens:
525 4357 555 4408 et
574 4353 699 4426 qlossam
727 4353 848 4426 eupiunt
876 4353 907 4408 in
928 4351 1086 4410 clausulam
1111 4349 1200 4407 ilium:
1230 4331 1286 4409 Reti
