2772 5024
611 443 614 448 ·
659 397 723 470 tut

159 581 199 644 25
224 580 355 640 Gloriam
378 579 426 638 dei
448 579 603 638 contendit
760 578 835 650 uris
857 580 948 638 maris
969 579 1195 653 profunditatis,

224 684 290 723 oum
312 683 456 740 perverso
480 665 613 734 doctore,
758 667 829 741 quis
851 665 928 722 coeli
951 663 989 722 de
1011 666 1163 733 extremis
1270 670 1276 688 ¹

131 779 136 796 ι
224 770 291 808 cum
314 751 384 808 olim
406 751 604 810 altercaretur
761 753 829 826 quis
853 751 993 808 conscius
1016 749 1163 808 celsitatis

225 837 262 894 de
284 837 421 910 Moysico
445 853 579 911 corpore.
761 834 870 894 adonai
892 835 930 894 de
952 837 1111 910 superuis?

222 957 308 1028 Hanc
322 957 465 1012 neminum
481 971 571 1030 quam
585 973 673 1030 prae·
696 955 736 1014 65
759 955 871 1011 Rector
894 960 986 1029 atque
1009 956 1073 1012 veri
1096 953 1206 1024 doctor

419 1057 422 1062 ·
466 1041 578 1098 claram
759 1044 974 1115 protectorqne
997 1041 1142 1114 gentium,

159 1129 201 1188 30
224 1125 387 1184 continebit
407 1126 542 1200 gloriam,
761 1143 860 1183 noune
881 1125 979 1201 fulget
1000 1125 1134 1208 biiehael
1157 1125 1211 1182 mi·

202 1215 290 1282 [cum
313 1215 449 1268 conteret
471 1212 679 1268 antichristum
1000 1227 1063 1277 rus,

148 1320 154 1325 ·
221 1298 402 1372 permiram
423 1297 586 1358 uictoriam.
759 1313 827 1353 cum
850 1297 890 1352 sit
911 1296 958 1352 sol
980 1294 1189 1352 credentium?
1285 1339 1290 1344 .
1385 1294 1386 1297 ’

221 1415 256 1474 In
278 1417 409 1494 enereitu
433 1415 612 1490 caelorum„
760 1415 961 1472 Saluberrima
984 1413 1120 1472 doctrina

222 1503 252 1559 in
274 1503 419 1558 virtutum
441 1503 559 1575 agmine
695 1499 736 1560 70
759 1501 902 1576 claroque
924 1491 1084 1556 monimine

159 1586 199 1644 35
222 1604 320 1643 nonne
334 1585 430 1661 fulget
443 1587 574 1642 Michael
589 1587 679 1654 mirus
759 1585 897 1643 liberavit
918 1583 1051 1642 Michael
1072 1583 1218 1642 mundum

221 1671 424 1748 pulcherrimo
448 1671 575 1728 ardore?
760 1688 868 1746 magno
892 1669 1090 1728 adiuvamine.

158 1817 163 1821 ·
220 1789 673 1848 Kastroeaelorumeonstrueto
760 1790 904 1848 Terribile
926 1788 1035 1846 mundo
1058 1789 1172 1846 malum

223 1871 332 1933 divicto
356 1875 475 1932 diabulo
760 1876 927 1932 antichristi
950 1892 1099 1933 venenum

222 1965 292 2017 tunc
305 1959 571 2036 fulgebitMichael
583 1963 675 2018 mirus
697 1961 737 2020 75
761 1963 948 2036 exstingetur
970 1975 988 2016 a
1009 1959 1161 2016 Michaele

146 2046 199 2104 ‘40
223 2063 290 2102 curn
314 2050 416 2102 coorte
439 2045 570 2102 credulo.
761 2047 954 2113 mortiferum,
977 2043 1154 2102 morbidum.

220 2164 285 2223 Lux
308 2165 459 2221 caelorum
473 2181 509 2220 ao
525 2169 670 2221 terrarum
756 2163 1239 2240 Verumarchangelummagnnm

141 2313 143 2316 ¹
221 2251 419 2324 praeclarum,
443 2245 586 2316 mirabile,
759 2251 928 2306 adiuramus
951 2251 1119 2317 maximum,

221 2339 428 2409 numeratque
439 2351 694 2410 nomenmagnum
758 2341 892 2392 nostram
914 2337 1068 2392 caritatem
1092 2335 1193 2394 firmet

222 2419 381 2475 Michaelis
405 2419 532 2476 celebre.
694 2421 734 2479 80
757 2423 786 2476 in
809 2420 898 2476 deum
921 2425 951 2476 et
973 2417 1150 2493 proximum.

129 2611 130 2614 Ἴ
157 2537 198 2596 st
221 2537 451 2612 Magistratibus
475 2539 625 2594 caelorum
759 2538 826 2597 Xsti
850 2519 1132 2614 aurorafulgebit⁸

176 2639 181 2653 ·
222 2626 313 2698 atque
336 2621 504 2697 legionibus
758 2625 788 2680 in
811 2624 910 2679 futuro
935 2625 1063 2698 agmine,

222 2707 296 2764 deus
320 2707 402 2764 dedit
424 2706 604 2765 Michaelem
758 2708 958 2784 archangelus
981 2725 1087 2765 manus
1110 2709 1229 2767 mundo

220 2793 327 2864 ducem
346 2794 448 2850 multis
468 2791 606 2850 millibus.
759 2809 826 2849 oum
848 2795 963 2868 ingenti
985 2795 1113 2869 fulgore.

218 2913 324 2969 Nonne
347 2913 476 2986 armiger
498 2913 630 2985 potentis
693 2913 733 2972 85
757 2913 873 2974 Ymnus
892 2913 930 2968 in·
945 2917 1095 2969 concentu
1120 2915 1198 2972 coeli

155 2997 197 3056 50
218 2998 407 3070 belligerque
429 2999 575 3054 rectoris?
594 2999 595 3006 ’
758 2998 857 3054 choris
879 2997 1101 3056 incessantibus

218 3099 317 3136 nonne
339 3081 469 3138 Michael
491 3099 617 3156 magnus
758 3088 859 3138 cantat
877 3082 1017 3150 Michaeh
1041 3085 1148 3143 miram
1170 3086 1249 3144 lau-¹

461 3172 562 3222 manet
948 3163 959 3172 ”
1000 3167 1068 3227 dem

219 3267 324 3306 manus
347 3249 432 3306 fortis
455 3249 598 3307 factoris?
755 3251 1102 3327 angelis'clamantibns.

219 3368 475 3443 Oarehangelum
496 3357 667 3438 caelestem,
755 3371 837 3426 Zouo
859 3371 943 3433 ieseo
967 3372 1114 3430 formatus

218 3473 235 3510 o
259 3459 433 3510 terrestrem
455 3453 592 3534 iudicem,
693 3455 733 3513 90
756 3460 940 3532 ornatusque
962 3456 1094 3532 legmine

44 3568 48 3574 ·
153 3537 193 3597 55
218 3558 235 3595 o
259 3545 403 3606 ornatum,
429 3537 611 3606 decoratum,
755 3545 863 3614 regnat
884 3558 963 3598 nunc
983 3545 1076 3617 atque
1091 3545 1244 3622 regnabit

218 3642 234 3678 o
258 3622 417 3697 probatum
440 3625 577 3680 militem!
756 3626 785 3680 in
807 3624 903 3699 regali
927 3625 1064 3683 culmine.

217 3741 436 3815 Principalibus
461 3743 606 3800 doctrinis
637 3754 640 3756 ·
756 3742 781 3798 0
804 3741 961 3800 Michaelis
986 3749 1121 3806 oramina

217 3826 384 3902 divinisque
406 3827 531 3884 vocibus
756 3821 952 3902 deprecamur
976 3829 1146 3893 celsissima

215 3913 356 3985 princeps
380 3914 528 3970 exercitus
555 3911 602 3968 dei
691 3911 730 3970 95
755 3913 884 3988 almique
906 3915 988 3990 regis
1011 3921 1150 3994 regmina

152 3996 193 4055 tu
215 3997 340 4071 insignis
364 3997 512 4053 affatibus.
752 3999 940 4071 postulamus
963 4007 1122 4075 perpetua.

306 4117 357 4188 qui
379 4132 490 4190 regnas
513 4117 542 4172 in
567 4109 708 4184 [saecula]
733 4119 921 4176 saeculorum
944 4138 1040 4180 amen.
1068 4121 1239 4188 benedicat

306 4199 343 4256 de
366 4205 396 4256 te
421 4205 451 4256 et
473 4200 585 4258 Michel
608 4193 840 4260 mrmoilrumm
862 4222 956 4264 amen.

239 4317 331 4374 Mone
348 4319 365 4374 l.
376 4335 416 4374 c.:
440 4320 640 4376 Reicteuuaer
654 4321 705 4378 Hs.
722 4322 774 4378 No.
785 4323 852 4380 221.
867 4325 919 4396 foi.
937 4327 988 4383 tlt.
1006 4343 1043 4386 aa
1057 4329 1236 4398 Koebrube,
