2732 5026
443 365 454 377 ⁵
653 354 663 366 Κ

524 434 530 445 “
575 423 638 498 W

142 605 200 666 Ore
219 622 286 662 meo
309 610 340 662 te
363 607 504 681 confingo
674 607 744 664 Iesu
767 605 871 674 dulcis,
894 611 999 680 pastor
1019 609 1079 683 pie,

141 697 170 748 et
191 689 334 748 ardenter
357 691 396 746 ad
417 709 464 748 me
485 693 610 767 stringe,
674 693 716 748 fili
738 692 793 748 Dei
816 697 846 748 et
867 692 990 760 Mariae,

140 778 168 832 in
189 781 222 832 te
243 794 344 832 mcum
365 793 418 832 cor
439 779 553 852 intingo
674 778 759 850 largo
782 777 864 833 sonte
886 778 930 832 tui
953 777 1051 834 cordis

141 867 170 918 et
190 862 320 919 ferventi
343 861 433 918 corde
454 863 546 938 lingo,
674 861 848 918 foeditatem
870 879 954 918 meae
977 863 1074 920 sordis

88 945 120 1002 35
158 964 207 1002 me
229 951 326 1004 totum
346 948 378 1003 in
399 952 430 1004 te
452 949 570 1004 traiice:
611 948 652 1008 25
696 939 825 1021 benigne
847 946 938 1004 Pater
960 947 1079 1007 dilue..

140 1049 271 1106 oquam
294 1030 390 1088 drdeis
419 1049 509 1106 sapor
536 1034 610 1090 iste!
676 1050 731 1090 avc
755 1031 896 1106 splendor
919 1037 949 1088 et
970 1034 1067 1107 figura

139 1119 190 1190 qui
212 1121 243 1174 te
258 1122 371 1191 gustat,
394 1115 464 1174 Iesu
480 1118 608 1186 Christe,
668 1119 781 1178 summi
802 1118 857 1174 Dei
880 1119 1025 1191 genitura

138 1207 189 1258 tuo
213 1204 311 1260 victus
334 1219 352 1258 a
374 1201 497 1258 dulcore
551 1263 558 1276 Ι
675 1203 713 1260 de
735 1203 886 1258 thesauris
909 1205 968 1260 tuis
989 1203 1095 1276 plenis,

138 1289 214 1344 mori
235 1292 342 1361 posset
363 1303 437 1360 prae
459 1304 569 1356 amore,
675 1288 819 1346 desolatis
842 1293 873 1344 et
895 1289 998 1362 egenis

9 1439 11 1446 „
85 1370 118 1428 10
157 1377 188 1428 te
211 1391 303 1430 unum
324 1390 427 1430 amans
448 1375 544 1430 unice.
611 1372 651 1432 30
695 1391 801 1430 munus
830 1374 992 1432 clementer
1017 1374 1142 1448 proflua.

138 1526 172 1582 In
194 1526 252 1582 hac
275 1527 357 1583 fossa
378 1545 426 1584 me
447 1525 597 1594 reconde,
657 1526 776 1582 ¹Dulcis
799 1525 868 1582 Iesu
895 1525 1006 1582 Christi
1027 1532 1143 1600 pectus,

138 1612 213 1667 infer
234 1629 334 1668 meum
356 1629 407 1667 cor
433 1611 589 1686 profunde,
675 1616 726 1667 tuo
750 1612 819 1666 fiam
842 1610 919 1666 dono
941 1616 1052 1679 rectus,

138 1697 188 1752 ubi
210 1697 309 1754 latens
333 1697 497 1754 incalescat
521 1757 522 1760 Ἴ
676 1695 831 1752 absolutus
855 1713 873 1752 a
894 1699 1038 1772 peccatis,

10 1853 11 1856 Ἴ
140 1787 169 1838 ct
191 1784 220 1838 in
243 1799 320 1856 pace
344 1785 546 1857 conquiescat,
675 1781 783 1837 ardens
806 1783 875 1855 igne
899 1784 1041 1849 caritatis,

10 1901 11 1904 =
84 1863 118 1922 45
161 1885 216 1922 nec
260 1885 385 1942 prorsus
431 1885 610 1942 quemquam
626 1867 665 1925 35
695 1873 729 1923 ut
752 1885 870 1940 semper
892 1871 922 1922 te
944 1869 1123 1941 recogitem

9 1953 11 2014 j
397 1941 401 1948 ¹
434 1956 549 2020 timeat;
676 1958 709 2008 tu
731 1953 860 2026 abyssus
884 1969 917 2008 es
941 1953 1074 2026 sophiae,

9 2051 11 2070 ¹
109 2039 214 2106 ,hora
237 2041 341 2094 mortis
364 2055 447 2096 meus
470 2040 558 2094 flatus
679 2039 854 2112 angelorum
875 2031 1047 2093 harmoniae

140 2127 231 2180 intret
253 2123 323 2180 Iesu
345 2129 429 2179 tuum
450 2125 540 2192 latus,
675 2127 705 2178 te
729 2121 913 2189 collaudant3
937 2139 973 2177 ex
995 2127 1025 2178 te
1047 2123 1144 2179 fluxit

140 2209 209 2265 hinc
235 2211 372 2284 expirans
394 2211 424 2264 in
446 2213 477 2265 te
499 2208 599 2276 vadat,
676 2207 757 2282 quod
771 2208 899 2264 loannes
924 2207 1035 2263 cubans
1052 2211 1145 2263 suxit:

141 2313 177 2350 ne
199 2295 280 2350 hunc
302 2295 350 2350 leo
373 2299 440 2351 trux
461 2294 591 2362 invadat,
615 2293 656 2351 40
698 2295 728 2349 in
751 2297 781 2348 te
804 2293 850 2348 fac
873 2298 906 2348 ut
928 2293 1098 2349 inhabitem.

10 2431 11 2436 ,
84 2379 120 2438 50
163 2371 217 2437 sed
240 2379 320 2454 apud
342 2385 372 2436 te
395 2385 576 2454 permaneat.

676 2446 741 2503 Ave
763 2447 829 2502 fons
851 2447 1053 2518 benignitatis,

220 2603 228 2616 ,
250 2546 298 2608 Ad
318 2547 438 2608 Pontus,
676 2531 829 2605 plenitudo
854 2530 974 2588 deitatis

153 2651 154 2654 =
677 2617 841 2690 corporalis
863 2618 893 2672 in
915 2621 946 2671 te
968 2621 1083 2684 manet;

143 2669 230 2726 Salve
254 2670 336 2724 salus
358 2685 425 2725 mea
446 2667 536 2736 Deua,
673 2703 887 2760 vanitatemxin
909 2718 956 2756 me
979 2705 1065 2756 sanet

142 2755 210 2810 Iesu
234 2753 328 2810 dulssls
352 2771 434 2810 001οΥ
455 2771 558 2822 meus„
613 2787 654 2846 45
700 2787 782 2862 quod
797 2792 830 2842 tu
847 2786 964 2842 confers
981 2787 1147 2855 consilium

144 2841 225 2896 Salve
248 2845 355 2926 Pmus
378 2839 584 2908 severendum²
612 2868 614 2872 ’
679 2891 734 2930 ave
756 2890 860 2930 verum
882 2872 1026 2946 templum
1047 2872 1112 2940 Dei,

145 2941 210 2980 cum
233 2929 362 2980 tremore
384 2925 615 3000 contingendum
678 2975 787 3032 precor
808 2959 950 3014 miserere
972 2959 1043 3024 meh

105 3009 122 3066 5
165 3007 274 3066 amoris
298 3010 489 3066 domicilium!
679 3050 712 3100 tu
734 3046 826 3100 totius,
850 3059 921 3098 arca
941 3043 1020 3109 hm,

144 3111 197 3151 ave
219 3095 346 3152 thronus
369 3096 531 3163 Trinitatis,
679 3131 725 3186 fac
749 3130 853 3186 electis
875 3145 922 3183 me
945 3129 1064 3202 apponi,

144 3197 214 3237 arca
234 3181 316 3237 latae
340 3186 481 3279 caman&
495 3259 514 3279 -.
616 3215 657 3273 50
699 3232 753 3272 vas
777 3213 870 3280 divae,
893 3214 974 3268 Deus
998 3213 1134 3270 omnium.

141 3267 357 3322 firmamentum
378 3269 542 3334 infirmatis,

144 3369 201 3425 pax
223 3357 255 3408 et
276 3367 372 3425 pausa
393 3352 536 3426 fatigatis,

90 3435 125 3492 10
164 3437 320 3494 humilium
342 3437 516 3494 triclinium!
812 3447 860 3508 Δᾱ
888 3447 955 3508 001⁸.

39 3645 41 3652 .
147 3591 235 3650 Salve
257 3590 328 3646 Iesu
349 3588 525 3656 reverende,
681 3587 793 3644 Summi
814 3587 896 3660 regis
920 3603 971 3652 cor
994 3589 1090 3652 aveto,

146 3675 234 3750 digne
259 3693 376 3748 semper
398 3673 582 3749 inquirende,
680 3678 711 3728 te
734 3673 832 3728 saluto
856 3670 946 3726 corde
968 3671 1058 3737 lacto,

145 3779 191 3817 me
213 3765 406 3834 praesentem
419 3761 468 3816 hic
484 3757 626 3835 attende,
663 3762 712 3814 ‘te
736 3755 895 3830 complecti
918 3773 965 3812 me
988 3754 1128 3823 delectat,

145 3845 341 3904 accedentem
361 3863 409 3902 me
433 3843 583 3906 succende
682 3847 714 3899 et
734 3835 792 3898 hoc
815 3857 913 3900 meum
941 3858 993 3898 cor
1021 3834 1152 3907 affedtat,

93 3928 123 3986 15
165 3929 366 4006 praecordiali
390 3933 503 4004 gratia3
640 3928 658 3986 5
704 3933 738 3983 nt
760 3926 799 3984 ad
820 3933 851 3984 te
872 3927 988 4000 loquar,
1013 3927 1139 3992 animes;
1196 3973 1202 3989 ,

144 4017 335 4090 pectusmihi
351 4017 453 4074 confer
468 4013 619 4082 mundum,
686 4029 745 4088 quo
769 4029 870 4068 amore
892 4012 1069 4080 vincebaris,

145 4101 264 4169 ardens,
281 4103 371 4175 pium,
388 4099 617 4178 gemebundum,
683 4116 742 4173 quo
766 4097 869 4154 dolore
892 4097 1090 4172 torquebaris,

145 4188 332 4252 voluntatem
352 4187 541 4260 abnegatam,
573 4179 577 4188 ’
684 4201 753 4240 cum
773 4189 804 4240 te
827 4187 923 4240 totum
945 4183 1126 4248 exhaurires,

146 4272 200 4328 tibi
222 4287 342 4345 semper
364 4272 588 4338 conformatam,
681 4274 715 4326 ut
738 4273 768 4326 te
791 4269 876 4326 nobis
899 4269 1077 4342 impartires,

93 4352 128 4411 00
168 4359 271 4414 iuncta
293 4359 438 4416 virtutum
460 4357 579 4430 copia
625 4353 662 4414 10
706 4359 737 4412 et
759 4372 814 4412 nos
837 4371 855 4409 a
876 4359 972 4410 morte
995 4352 1126 4411 tolleres.

906 4443 955 4496 15*
