2788 5024
143 3739 149 3750 ’
234 3745 263 3807 2.
280 3747 385 3805 Cultor
406 3764 494 3804 verus
517 3763 606 3804 verae
630 3746 718 3820 legis,

234 631 263 690 a.
279 631 679 705 Imperatrirsuperuorum,
809 629 909 686 Mater
922 631 1013 688 fbona
1040 647 1128 705 quam
1148 647 1283 705 rogamus,
1303 675 1306 686 .

176 760 183 772 .
277 715 449 789 Superatrix
471 716 660 784 infernorum)
808 715 902 771 Nobis
925 714 1004 772 dona
1026 715 1108 790 quod
1130 720 1255 789 optamus

276 798 421 875 Eligeoda
442 801 490 857 vie
512 799 597 867 coeli,
746 835 750 846 ·
809 799 874 856 Nec
897 801 940 857 sic
963 817 1088 873 spernas
1114 805 1284 874 peccatores,

161 933 165 944 ,
276 883 443 942 Retineuda
466 902 519 959 spe
541 884 631 951 fideli,
809 885 849 942 Ut
870 903 928 942 noo
953 901 1057 942 cernas
1079 891 1257 960 precatores:

276 971 438 1044 Separatos
462 976 531 1027 ate
553 971 652 1043 longe,
809 970 890 1028 Reos
913 971 969 1028 sibi
992 969 1172 1038 diffidentes,

213 1049 217 1054 ’
275 1055 443 1112 Revocatos
465 1072 483 1111 a
504 1061 534 1112 te
556 1055 646 1128 iunge
806 1053 888 1112 Tuos
910 1055 963 1112 tibi
985 1054 1179 1132 confidentes,

318 1139 449 1196 Tuorum
472 1141 613 1214 collegio:
853 1139 917 1196 Tuo
941 1143 1013 1198 siste
1035 1141 1117 1198 Filio.

321 1260 347 1316 1.
371 1258 469 1317 Corda
490 1260 520 1316 in
541 1259 618 1314 sesto
640 1259 795 1318 Luminum
819 1257 957 1315 dicuntur
978 1260 1134 1317 luminosa.
1178 1259 1205 1318 o.
1225 1257 1287 1316 Red.

234 1349 425 1402 tractans.
470 1343 497 1404 s.
520 1342 593 1402 Red.
614 1343 760 1418 allegi‘o
781 1361 952 1422 *cernas
973 1351 1221 1418 peccatores.
1370 1345 1372 1404 l

276 1603 296 1642 ·'
319 1616 394 1689 479.
417 1605 529 1687 [Alma
550 1608 647 1692 oirqo
674 1603 855 1674 Christum
876 1627 1001 1692 recem.
1045 1617 1079 1674 In
1101 1615 1290 1673 Purilios·
1370 1635 1372 1660 ι

234 1702 342 1760 tione
362 1701 396 1759 B.
419 1703 453 1760 V.
496 1701 589 1759 Nealc
613 1703 696 1776 Seqt.
718 1723 746 1776 p.
773 1701 832 1760 110
855 1720 872 1759 e
894 1701 1009 1759 Missali
1032 1703 1128 1760 veteri
1149 1695 1288 1765 Romano]
1370 1667 1372 1802 Ξ

238 1839 264 1895 1.
280 1837 368 1895 Alma
388 1840 473 1913 virgo
495 1835 646 1895 Christum
667 1857 769 1914 regem
791 1838 819 1896 2.
836 1839 932 1896 Verus
953 1837 1043 1894 hodie
1064 1837 1128 1895 Rex
1143 1839 1249 1904 Salem,
1337 1901 1342 1907 ,
1367 1861 1372 1874 ·

277 1924 369 1980 Enixa
392 1922 555 2000 secundum
577 1921 702 1997 legem„
812 1923 845 1980 ln
868 1923 979 1998 tcmplo
1003 1923 1191 1980 Hierusalem

279 2073 282 2086 .
319 2007 446 2083 Purgari
468 2027 526 2064 non
548 2010 661 2076 renuit3
855 2009 882 2064 Α
904 2013 1028 2083 parente
1051 2008 1177 2076 sistitur,

191 2113 199 2122 ·
252 2093 343 2150 -Non
364 2095 488 2152 astricte
509 2100 597 2167 paret
618 2094 688 2168 legi,
809 2093 869 2150 Par
891 2097 1040 2150 turturum
1052 2089 1125 2151 ‘sire
1146 2091 1210 2148 bini
1266 2089 1269 2095 ’

282 2178 463 2236 circumciso
487 2179 607 2235 Christo
629 2179 714 2253 Regi,
814 2177 892 2234 Pulli
914 2196 1050 2253 proquo
1074 2177 1233 2234 columbini
1361 2107 1372 2336 Ι

321 2263 505 2322 conformari
527 2264 630 2322 voluit.
791 2304 794 2318 .
857 2265 927 2320 Dati
949 2268 1018 2320 sunt
1039 2267 1073 2320 ut
1093 2263 1214 2337 legitur.

395 2361 399 2374 ¹
438 2460 440 2466 Ι
463 2383 604 2444 &Senex
626 2375 729 2440 verum
755 2381 859 2440 videns
886 2383 996 2450 lumen,
1360 2407 1372 2524 1

506 2468 686 2542 Susceptum
705 2468 736 2526 in
758 2467 836 2524 ulnis
856 2463 981 2536 Numen,
1029 2487 1030 2492 ¹

546 2552 733 2610 Benedicent
755 2553 875 2621 iubilat;

505 2638 620 2696 Devotc
641 2639 798 2712 psallentis
822 2640 858 2705 ei,

505 2723 609 2780 Salvet
631 2723 761 2780 salutare
783 2723 847 2790 Dei,
946 2739 951 2746 “

547 2807 634 2878 Quod
656 2807 765 2894 ubique
787 2808 900 2866 rutilat.

319 3082 392 3142 480.
427 3070 639 3152 [rotundare
659 3069 760 3158 plebe
779 3050 910 3156 fidelii,
935 3069 1155 3137 locandatur
1176 3069 1293 3137 iamin

236 3157 352 3227 coelit.
396 3166 440 3222 De
465 3165 494 3247 S.
517 3166 662 3224 Blasio.
705 3166 795 3222 Mone
817 3166 867 3224 111.
889 3183 918 3238 p.
943 3165 1012 3224 237.
1049 3165 1128 3231 (Ans
1148 3163 1294 3240 geschric·

232 3253 344 3408 5313]
354 3245 500 3308 Zusiitzen
524 3269 561 3307 zu
584 3253 669 3307 einen
691 3251 854 3308 Messbuch
877 3249 930 3306 des
957 3251 1003 3308 15.
1019 3249 1124 3306 Jahrb:
1144 3267 1183 3308 zu
1203 3247 1293 3306 Karls·

237 3458 263 3517 1.
277 3457 440 3516 Iocundare
462 3457 548 3531 plebs
571 3456 678 3524 fidelis,
771 3455 799 3515 3.
817 3452 1006 3526 Quadratura
1028 3451 1133 3512 fundat
1154 3458 1266 3531 pectus,

275 3541 454 3600 iocundatur
474 3545 533 3598 iam
555 3544 594 3599 in*
608 3543 700 3598 coelis
854 3558 891 3596 ne
914 3540 1050 3596 labescat
1071 3541 1198 3614 uspiam,

320 3627 432 3685 Christi
454 3633 568 3701 martyr
590 3627 717 3694 Blasius‚
811 3627 879 3701 pius
902 3624 1033 3700 prudens
1055 3625 1141 3686 sortis
1163 3628 1269 3690 rectus,

853 3712 915 3770 suis
939 3708 991 3765 dat
1014 3711 1219 3767 constantiam.

276 3833 359 3906 pacis
382 3849 494 3913 norma,
518 3833 612 3890 forma
634 3832 745 3906 gregis,
811 3831 850 3887 Ut
871 3828 1002 3904 providit
1025 3847 1098 3903 crgo
1122 3827 1197 3886 deus

278 3919 312 3973 fit
334 3916 448 3974 athleta
470 3919 576 3974 summi
596 3918 677 3990 regis
777 3925 779 3934 ·
855 3916 944 3972 solita
967 3915 1135 3982 clementia,

320 4003 442 4076 signiter
464 4003 613 4078 egregius.
810 4001 844 4060 fit
867 4001 993 4058 antistes
1018 3999 1191 4066 Sebastcus,

275 4119 443 4178 Medicinae
465 4137 524 4178 non
546 4123 682 4196 ignarum
853 4087 930 4144 ⁰¹¹¹¹¹i
952 4085 1059 4158 Pleni¹⁸
1083 4085 1188 4160 malla·

277 4205 387 4282 dogma
409 4206 503 4288 docet
520 4208 615 4280 magis
639 4205 755 4262 clarum
767 4205 794 4262 4.
809 4203 919 4260 Tortor
941 4219 1033 4277 rapax
1056 4203 1174 4278 quaerit
1196 4215 1268 4265 eum,

276 4297 363 4367 pater
385 4289 469 4359 deus,
492 4292 655 4348 animarum
810 4293 845 4346 ut
866 4305 979 4362 negare
1001 4293 1090 4363 cogat
1112 4286 1209 4353 deum,

319 4392 421 4452 curam
443 4375 518 4432 dans
541 4375 673 4433 uberius.
716 4411 738 4457 ¹-
807 4374 856 4432 vel
879 4371 1010 4430 trucidet
1032 4374 1120 4464 quasi
1140 4387 1231 4430 rcum
1269 4402 1277 4420 ·
