2724 5026
734 310 738 320 ι

623 397 626 406 ι

687 515 696 524 a

213 605 301 666 11.0
325 621 414 680 quam
437 604 505 664 felix
529 602 694 678 Couceptio
747 604 792 662 11.
809 605 1055 680 Vincit3·reguat,
1069 593 1149 682 Deus
1163 605 1257 676 Homo:
1353 597 1355 662 l

272 690 331 747 Per
346 706 435 764 quam
450 691 532 746 venit
547 687 740 764 Redemptio;
806 689 941 748 Trahens
958 707 1029 748 orco
1043 691 1158 764 lapsum
1172 684 1258 764 pomo:
1353 666 1356 790 ἶ

75 812 84 816 -
273 777 347 834 Cum
371 775 460 848 Virgo
482 775 538 873 llei
559 774 632 833 Filio
809 776 899 832 Coelo
923 780 1038 860 tractus
1060 774 1169 851 gaudet
1185 775 1259 832 homo
1348 797 1356 902 1

167 881 170 886 ¹
314 861 511 934 Praeparavrt
533 865 659 916 uterum.
834 854 1260 934 Denumcomplensnumerum.
1347 905 1356 960 Αἰ

213 983 260 1041 12.
276 981 329 1037 llle
353 980 429 1036 alter
451 979 610 1035 Helisaeus
747 978 794 1037 15.
812 977 883 1047 [Nos
906 980 998 1054 igitur
1019 979 1182 1037 iubilemus.
1248 962 1253 976 .
1354 961 1356 1020 ⁴

273 1067 442 1140 Reputatus
458 1064 554 1120 nomo
576 1081 656 1130 reus,
809 1059 868 1130 (Et)
885 1069 1064 1140 conceptum
1081 1051 1262 1132 celebremum
1355 1085 1357 1122 l

274 1151 437 1208 Suscitavit
458 1149 554 1205 Homo
577 1149 658 1205 Deus
724 1173 728 1178 ·
808 1151 899 1217 Voce,
923 1152 1011 1218 votis,
1036 1151 1234 1218 exclamemus,

317 1235 479 1292 sunamitis
501 1251 634 1308 puerum.
853 1235 918 1292 Ave
941 1235 1052 1292 Sancta
1074 1233 1193 1302 Marici]

213 1355 259 1415 tt.
275 1352 329 1411 Hic
346 1359 392 1410 est
408 1353 501 1427 Gigas
521 1369 643 1409 currens
659 1353 795 1412 fortis1d.
812 1353 909 1410 Patris
932 1353 1044 1424 Mater,
1067 1359 1148 1411 meta
1168 1359 1276 1430 vatum„

275 1439 343 1509 Qui,
367 1437 522 1496 destructa
544 1437 612 1512 lege
634 1440 747 1506 mortis,
815 1437 875 1495 Ora
897 1437 1027 1508 Patrem,
1050 1439 1120 1496 iube
1142 1439 1248 1510 Natum,

187 1554 196 1564 ·
275 1523 323 1580 Ad
346 1541 472 1580 amoena
495 1523 605 1597 primae
630 1522 718 1580 sortis
809 1525 871 1580 Nos
895 1530 929 1580 ut
951 1524 1043 1582 ducat
1065 1525 1104 1580 ad
1128 1529 1252 1600 optatum

218 1629 241 1690 f
318 1609 413 1668 Ovem
435 1610 544 1667 sertin
566 1609 731 1667 humerum.
797 1639 800 1644 ·
851 1609 978 1666 Plenum
1000 1627 1076 1684 pace
1100 1612 1206 1688 gloria:

427 1727 484 1786 ¹17.
513 1727 579 1800 Quo
600 1729 707 1786 relecti
728 1729 795 1786 uisu
817 1728 873 1786 Dei

475 1867 482 1877 ,
515 1815 676 1872 Cantemus
699 1814 837 1872 Alleluia.
882 1814 984 1873 Amen.

298 1971 324 2028 1.
347 1968 381 2028 G.
404 1973 606 2044 reparetur.
636 1969 664 2026 2.
687 1967 721 2026 A.
745 1971 885 2026 noster.
919 1969 953 2024 B.
977 1968 1008 2027 Ο.
1031 1970 1132 2038 intra
1155 1965 1270 2042 Stropha

211 2058 299 2114 tertia
320 2057 349 2112 in
372 2055 406 2111 B.
431 2056 461 2112 C.
484 2057 624 2130 'quartum
646 2058 730 2110 tenet
756 2053 863 2111 locum.
903 2053 929 2112 3.
952 2054 987 2112 A.
1010 2055 1148 2128 pluma.
1169 2108 1172 2112 ,
1191 2054 1225 2112 A.
1243 2051 1269 2107 B.

212 2137 462 2201 salvatorem.
522 2139 553 2199 O.
588 2131 707 2197 lac'to.
751 2137 779 2198 l.
804 2137 837 2194 G.
876 2139 935 2196 vis
965 2145 1038 2197 nat.
1082 2139 1116 2199 B.
1147 2139 1271 2196 fracto.

212 2228 240 2287 11.
263 2227 297 2285 Α.
321 2223 537 2285 adiuvatur
557 2251 601 2262 -
623 2223 812 2281 adiuveto
834 2227 915 2282 sam.
965 2224 992 2283 6.
1016 2224 1049 2284 G.
1074 2241 1152 2300 gen.
1175 2219 1270 2298 quod.

211 2311 474 2392 A.-·alisquc.
512 2311 547 2368 A.
570 2311 629 2366 Mo.
654 2327 723 2384 pax
744 2311 987 2367 ministratur.
1028 2310 1057 2369 7.
1080 2307 1273 2385 Strophami·
1359 2311 1360 2318 ’

212 2411 278 2456 rum
299 2399 329 2453 in
351 2396 471 2453 modum
494 2397 677 2470 perturbata.
721 2395 755 2452 A.
779 2411 929 2452 causam
952 2398 1115 2472 quaeris
1139 2393 1273 2456 modum

213 2485 288 2550 rei,
328 2497 486 2539 eausam
523 2483 636 2556 prius
669 2497 814 2537 omnem
846 2479 903 2537 rei
931 2481 1274 2549 mundus„iustum
1357 2473 1360 2478 ’

213 2569 319 2628 velle
341 2569 419 2626 Dei.
441 2567 514 2626 B.O.
532 2582 688 2623 oausam
710 2567 885 2640 quaeris,
907 2565 1056 2622 modum
1077 2568 1152 2634 rei,
1169 2575 1275 2622 causa

212 2655 321 2731 prius
344 2670 470 2712 omues
491 2655 565 2722 rei,
588 2652 710 2710 modus
731 2653 870 2708 iustum
893 2653 987 2710 velle
1009 2653 1087 2712 Dei.
1126 2651 1166 2710 G..
1184 2651 1275 2708 clau·

214 2757 287 2798 sam
318 2740 467 2816 quaeris
501 2736 642 2799 modum
670 2739 726 2794 rei
763 2754 913 2794 oausam
947 2739 1050 2812 prius
1078 2753 1206 2797 omnes
1230 2733 1276 2791 rei

212 2824 352 2904 modum
379 2827 514 2884 iustum
541 2823 649 2881 velle
678 2823 744 2892 Dei
773 2839 849 2881 seu.
881 2815 1014 2880 ‘Nealiu's
1038 2825 1284 2904 eir-coniectura:o

202 2911 365 2968 «clausae
388 2911 538 2984 quaeris
555 2908 788 2968 modumrei?
811 2925 926 2966 causa
947 2910 1048 2984 prior
1070 2925 1195 2974 omnes
1215 2904 1275 2963 rei:

214 2994 346 3054 deinde
375 2997 510 3054 iustum
538 2994 637 3052 velle
665 2994 733 3066 Dei
761 2992 827 3049 sed
858 2993 963 3053 cond.
992 3013 1042 3070 gr.
1087 2994 1179 3051 Mune
1202 3008 1277 3049 cau·
1359 3039 1360 3042 .

214 3099 283 3139 sam
315 3080 464 3156 quaeris
498 3079 638 3136 modum
671 3081 742 3134 rel?
787 3095 903 3135 causa
929 3081 1031 3154 prior
1064 3097 1189 3136 omnes
1214 3075 1276 3141 rei,

219 3164 345 3224 modus
367 3167 499 3226 iustum
522 3165 629 3222 velle
652 3165 736 3232 Dei,
761 3163 830 3220 sed
854 3165 959 3222 cond.
984 3182 1032 3239 gr.
1077 3163 1176 3222 Verba
1198 3178 1279 3220 cau·
1359 3187 1360 3202 ι

219 3269 293 3309 sam
323 3250 485 3326 quaeris,
513 3249 652 3306 modum
679 3250 752 3305 rei?
777 3249 1019 3306 nunclibrorum
1041 3252 1219 3306 auctoritate
1239 3261 1278 3302 re·

212 3339 284 3396 ficta
299 3341 376 3396 sunt.
398 3336 434 3392 Iu
461 3337 658 3412 sequentibus
682 3352 748 3392 cum
764 3351 868 3390 omnes
888 3333 973 3394 codd.
989 3341 1155 3392 consonent
1171 3337 1198 3390 in
1213 3346 1279 3390 voce

95 3415 100 3422 “
212 3423 314 3498 prius
348 3420 479 3478 tenenda
512 3427 574 3489 est,
609 3423 650 3478 ita
672 3426 706 3476 ut
732 3419 915 3493 respondeat
941 3423 1008 3478 voci
1042 3419 1166 3486 modo,
1199 3433 1280 3494 quam
1359 3433 1360 3436 ¹

213 3513 295 3566 recte
324 3505 542 3582 praebetcod.
596 3506 785 3564 G.'Sensus:
819 3505 918 3562 Causa
951 3507 1020 3562 olim
1048 3511 1112 3562 erat
1138 3505 1281 3562 hominum

215 3595 316 3668 culpa,
339 3609 418 3656 nunc
441 3593 581 3650 voluntas
602 3592 657 3666 Dei
680 3593 772 3658 iusta,
797 3589 851 3646 sed
873 3591 1076 3648 misericordia
1100 3607 1154 3648 sua
1175 3595 1280 3661 temps·
1359 3611 1360 3614 ¹

212 3685 307 3749 rata„
331 3681 359 3736 8.
393 3677 429 3736 A.
452 3676 578 3736 dulcis.
622 3676 657 3732 G.
690 3677 907 3735 imitans-in
941 3695 969 3750 p.
1015 3676 1042 3735 9.
1077 3672 1111 3735 G.
1133 3676 1193 3732 hic
1224 3686 1281 3728 nos
1359 3677 1361 3708 f

214 3781 338 3840 ponas.
382 3763 417 3820 A.
439 3762 473 3820 B.
505 3767 626 3836 pon-et.
677 3759 722 3820 10.
749 3763 795 3818 ll.
820 3759 1008 3818 desideratur
1028 3763 1058 3818 iu
1081 3759 1218 3818 omnibus
1239 3773 1282 3813 co·
1360 3773 1361 3810 1

214 3847 330 3908 dicibus
347 3848 457 3927 Mucii.
500 3847 641 3904 Turbant
669 3846 870 3920 stropharum*
892 3839 1025 3904 ordinem
1051 3853 1142 3922 atque
1168 3847 1279 3902 senten·
1360 3843 1361 3876 ³

214 3938 323 3993 tiorum
352 3934 533 3990 affinitatem.
578 3933 687 3988 Procul
714 3929 803 3988 dubio
833 3935 951 4008 spuriae
980 3938 1056 3990 sunt.
1104 3933 1149 3991 la.
1174 3930 1208 3988 G.
1234 3943 1283 3984 re·

213 4015 674 4096 putatur-‘suscitatus
720 4017 755 4072 A.
790 4020 986 4075 suscitans.
1034 4018 1079 4076 13.
1108 4017 1140 4075 B.
1160 4015 1196 4073 C.
1222 4013 1281 4070 hu·

211 4106 332 4166 meris.
358 4102 488 4164 14—17.
505 4101 614 4180 desunt
628 4103 658 4160 in
673 4101 738 4162 cod.
755 4101 787 4158 C.
807 4103 852 4160 14.
870 4103 904 4160 A.
920 4100 1021 4162 vivit.
1045 4103 1078 4158 Β.
1095 4103 1154 4162 Μο.
1179 4098 1279 4160 vicit.

214 4191 248 4250 G.
260 4195 356 4251 orto.
379 4188 562 4254 A.horreo
578 4188 652 4250 Mo:
677 4189 1145 4258 mtstaudecausdersclreibart
1156 4186 1281 4252 nureo·

211 4277 353 4335 Fortasse
375 4273 535 4350 legendum
562 4279 609 4332 est
632 4290 699 4332 cum
722 4273 756 4332 G.
779 4272 896 4329 horto:
922 4273 1045 4340 trahens
1067 4274 1216 4331 homiuem
1236 4263 1282 4342 qul

212 4362 345 4428 inhorto
367 4377 456 4434 pomo
478 4360 651 4436 lapsussst.
671 4353 703 4416 Β.
727 4357 867 4434 gaudet
890 4360 1003 4421 coelo
1026 4364 1069 4416 tr.
1104 4359 1132 4416 h.
1158 4356 1196 4414 15
1230 4367 1283 4408 non
