2728 5028
708 453 772 527 876

487 625 590 695 crus
610 623 727 711 fidelis
749 630 869 694 terras
892 626 1007 693 coelic.
1062 581 1066 586 Ι

499 728 533 780 15
549 729 634 780 Festo
651 723 826 780 Inventioriis
844 726 872 779 S.
890 724 996 780 Crucis.
1068 733 1070 740 ’

162 883 166 890 .
275 841 353 898 Crux
374 841 470 912 fidelis
492 847 589 898 terras
613 842 704 898 coelis
791 840 958 896 Cruxest
981 840 1054 895 55115
1077 836 1240 905 fidaratis,

276 929 350 983 miro
372 929 496 984 necteris
519 925 650 994 foedere,
748 977 754 986 ,
813 943 883 981 crux
906 929 953 982 est
974 924 1081 982 horror
1097 923 1276 980 daemonum.

276 1030 331 1069 nos
353 1014 383 1068 in
404 1011 493 1068 laude
516 1017 567 1069 tua
590 1011 689 1087 gaude
750 1011 787 1069 15
812 1015 940 1067 cruxest
955 1015 1072 1066 scutum
1085 1011 1173 1084 nimis
1189 1015 1277 1066 tutum

278 1097 406 1156 devotos*
425 1095 572 1166 incedere.
785 1125 788 1130 v
812 1101 842 1152 et
863 1096 1043 1170 trophaeum
1065 1097 1201 1152 militum.

235 1218 254 1275 5
279 1217 748 1292 Cruxestthronusinquobonus
813 1250 875 1307 Ara
898 1251 1004 1318 crucis,
1028 1250 1143 1324 lampas
1171 1250 1251 1318 lucis,
1274 1217 1276 1222 ’

278 1309 382 1377 pastor
404 1320 475 1360 oves
498 1302 630 1370 redimit;

813 1353 885 1402 uera
908 1335 989 1392 salus
1012 1329 1173 1403 hominum,

279 1406 349 1444 crux
357 1385 506 1455 fecundat,
520 1405 590 1444 crux
599 1387 748 1478 emundat3
814 1421 898 1478 nobis
911 1439 1038 1496 pronum
1053 1422 1100 1478 sac
1115 1427 1277 1494 patmum,

279 1491 350 1530 crux
370 1473 488 1530 hostem
513 1475 662 1530 interimit.
751 1507 792 1565 2⁰
815 1523 892 1582 quae
915 1507 1009 1564 tulisti
1032 1500 1215 1564 dominum·-

279 1593 357 1650 Crux
380 1599 426 1650 est
449 1595 575 1667 signum,
600 1592 681 1668 quod
703 1597 751 1648 est
1091 1616 1093 1619 ·

571 1677 692 1752 dignum
814 1677 902 1734 Salve
924 1677 1038 1752 lignum
1060 1679 1140 1735 vitae
1164 1676 1278 1754 dignum

195 1764 256 1846 Ι111
279 1781 457 1821 conservare
480 1763 632 1838 perditos:
765 1777 768 1786 ’
794 1763 892 1818 terre
915 1761 1017 1819 mundi
1038 1765 1185 1837 pretium:

281 1867 352 1906 crux
369 1856 415 1906 est
427 1849 490 1906 dics
497 1868 553 1924 per
561 1866 651 1925 quam
665 1851 749 1925 quies
816 1849 970 1912 confecisti
992 1849 1073 1922 plebi
1096 1849 1208 1906 Christi

279 1933 414 1992 redditur
435 1934 632 2026 5511155155.ἱ
815 1935 912 1997 crucis
934 1933 1119 1992 beneficium.

199 2111 205 2126 ἡ
300 2055 393 2111 Ν5515
416 2055 525 2129 Hymni
547 2074 575 2128 p.
603 2055 670 2113 182.
695 2071 712 2110 5
741 2054 828 2112 Brev.
859 2053 1067 2111 Bracharensi.
1111 2053 1280 2110 Habebatur

217 2147 247 2196 et
268 2142 428 2220 partimin
451 2140 673 2197 sarisburiensi.
1238 2130 1243 2142 '

650 2303 845 2312 *ι’-...-

373 2459 378 2466 ,
454 2357 460 2370 ‘
506 2368 690 2470 555555
714 2407 828 2471 matu·
852 2399 997 2489 [55555.
1047 2348 1050 2354 “

465 2503 548 2557 Thes.
566 2505 587 2556 1.
610 2505 668 2560 285.
704 2505 748 2558 De
767 2504 936 2558 visitatione
953 2504 984 2556 B.
1003 2504 1036 2556 V.

282 2616 307 2672 Ο
331 2617 441 2673 Christi
464 2610 559 2674 mater
580 2617 703 2692 fulgida,
816 2617 880 2674 Tua
902 2634 992 2691 prece
1014 2617 1092 2673 hanc
1115 2619 1251 2674 miseram

283 2707 402 2759 scatens
419 2704 497 2759 -fons
521 2706 598 2759 omni
621 2706 728 2778 gratia,
752 2705 791 2762 10
813 2703 1013 2778 pusillamque
1034 2702 1215 2776 plebiculam

280 2789 330 2872 lux
344 2789 460 2862 pellens
481 2806 618 2863 quaeque
641 2790 764 2857 nubila·
817 2789 941 2847 subleva
962 2805 1017 2866 per
1038 2777 1186 2856 a'irxilium,

280 2873 376 2930 Maria
397 2874 616 2944 uenustissime.
816 2891 893 2950 quae
914 2876 994 2951 iacet
1015 2891 1099 2942 nexu,
1123 2875 1275 2930 criminum.

239 2993 257 3049 5
282 2992 411 3049 Gestaris
434 3009 510 3069 quae
534 2995 709 3053 castimonia
817 2993 841 3049 0
865 2991 1013 3052 advocata
1036 2999 1167 3060 strenua,

276 3079 394 3135 intacta
415 3083 533 3152 patrem
554 3080 623 3147 filia,
778 3073 789 3080 ’
815 3079 934 3136 hostem
955 3085 1091 3137 nostrum
1113 3079 1273 3142 extermina,

282 3165 367 3238 virgo
390 3165 581 3220 monarcham
596 3165 707 3233 1551115,
755 3163 792 3222 15
816 3164 934 3239 depelle
956 3177 1095 3241 quaeque·
1118 3167 1211 3233 noxia,

243 3265 249 3272 ·
282 3250 409 3321 genitrix
431 3249 633 3323 pudicissima.
817 3252 945 3324 impetra
967 3251 1043 3308 55511
1065 3250 1183 3326 gaudia.

576 3370 620 3426 Sit
641 3371 704 3426 Deo
727 3371 806 3444 patri
829 3371 924 3444 gloria
950 3443 954 3448 .

455 3516 459 3521 ,
573 3455 643 3511 1555
658 3455 838 3530 Christoque
860 3457 930 3524 filio,

568 3541 690 3614 ‘spiritui
711 3542 866 3614 paraclito

509 3625 551 3684 20
572 3627 649 3681 trino
673 3631 704 3682 et
726 3627 775 3689 uni
797 3625 924 3683 domino.
1073 3655 1076 3661 ¹

651 3792 657 3796 .
663 3776 854 3810 ..-.....—„..L..⁴
888 3779 892 3786 ¹

498 3861 645 3955 F'ecitun
666 3891 792 3967 mairie
812 3889 999 3974 9155155515.

341 4060 345 4066 μ
422 3989 505 4041 Thes.
523 3989 548 4040 Il
563 4006 589 4056 p.
608 3989 676 4046 310..
700 3987 745 4042 De
764 3990 933 4043 visitatione
950 3989 981 4044 B.
1000 3990 1037 4044 Μ.
1056 3991 1089 4044 V.

302 4097 388 4157 Brev.
405 4095 651 4158 Aberdonense:'
664 4103 709 4160 14.
735 4109 928 4161 auctorem.
970 4105 1017 4162 18.
1033 4096 1167 4161 ut'recte
1181 4091 1268 4155 mouet

215 4183 338 4242 Nealius
360 4185 520 4261 legendum
548 4190 642 4246 viae.

793 4355 853 4362 -.e-
