2848 5030
209 603 256 662 11.
277 601 399 660 Interim
429 598 529 684 dulcia
557 599 745 674 proclamant
774 601 891 658 candeo
920 601 1041 660 testium
1070 601 1191 678 agmins
1211 600 1307 689 scni-

410 677 514 742 cruore
537 685 646 744 albata.

107 855 111 862 ,
209 771 255 832 12.
279 771 380 828 Solum
402 771 565 844 praecipue
587 775 617 828 te
641 768 764 848 dignum
779 771 907 828 carmine
931 769 1060 846 supplici
1082 772 1213 831 fatentur
1235 787 1283 828 sa·
1411 813 1412 822 .

410 854 514 912 cerdot
502 860 547 912 tes
570 855 717 914 libamine.
1113 929 1115 934 Ι

210 943 256 1002 13.
279 941 328 998 Ad
350 947 572 1084 ιιιιιιΙιιδὲιίιιιρει
593 939 714 998 laudem
735 941 872 1000 monachi
894 947 1075 1024 conservant
1095 943 1188 1000 vitam
1214 957 1282 998 coe·

210 1114 256 1172 lt
278 1045 529 1176 Uttuuslhonor
550 1071 641 1179 uiuat,
661 1113 791 1188 virgines
813 1111 977 1186 prudenter
990 1109 1146 1188 lampades
1168 1115 1284 1170 ornant:

117 1249 119 1254 .
209 1199 255 1258 15.
279 1199 333 1256 His
358 1203 419 1254 tam
441 1195 575 1252 iocundis
597 1193 699 1270 placa
701 1215 752 1264 us
777 1197 910 1265 Christe,
942 1199 1066 1254 canticis
1096 1197 1134 1254 Et
1155 1214 1210 1254 nos
1233 1213 1280 1253 ex-

411 1279 481 1338 audi
504 1281 669 1355 psallentes
692 1299 766 1339 voce
789 1283 932 1357 supplici;
980 1345 984 1350 ,

209 1369 256 1450 16.
278 1369 317 1424 Ει
340 1369 390 1444 qui
412 1365 564 1423 hominum
587 1384 679 1424 causa
700 1367 806 1424 volens
829 1367 963 1424 subieras
986 1369 1089 1424 mortis
1113 1367 1230 1428 acerba.

60 1434 83 1536 ,⁷
134 1521 136 1524 ¹
210 1437 256 1514 17‘
278 1453 337 1510 Fac
360 1470 415 1510 nos
436 1451 544 1508 horum
566 1457 730 1521 consortes,
754 1471 830 1528 quos
852 1458 969 1528 patrem
995 1458 1136 1528 repetens
1165 1437 1280 1526 patriae

346 1595 349 1600 ,
408 1538 511 1594 refers.
551 1565 555 1576 =

79 1605 85 1618 ⁸
209 1625 256 1684 18.
279 1623 313 1680 In
336 1639 396 1698 qua
417 1622 483 1680 laus
507 1628 553 1679 est
575 1623 628 1680 tibi
650 1640 768 1697 perpes.

191 1750 194 1757 ’
290 1742 380 1800 Mone
402 1741 424 1802 I.
447 1759 476 1815 p.
504 1741 571 1800 199.
601 1741 719 1800 Titulus
743 1731 936 1817 sequentiam
959 1740 1090 1799 ostendit
1112 1742 1197 1816 sequi
1219 1758 1281 1798 rno-

206 1827 374 1886 damalius
397 1844 487 1902 quam
509 1829 678 1901 composuit
693 1826 887 1885 Ekkehardus
910 1825 947 1883 de
970 1826 999 1886 S.
1014 1826 1187 1886 Benedicto.
1213 1825 1281 1887 113.

292 2102 341 2162 59.
367 2089 525 2173 [Laudes
548 2088 628 2172 Deo¹
656 2091 827 2158 concinat.
871 2099 1093 2158 paschalis.
1136 2097 1170 2157 B.
1192 2097 1280 2154 Νοι-

204 2187 305 2256 leri,
329 2179 619 2260 ntulit-Organa]

233 2309 257 2367 1.
279 2305 399 2366 Laudes
421 2305 485 2362 Deo
508 2305 646 2362 concinat
669 2305 748 2362 orbis
775 2303 886 2380 ubique
908 2311 1008 2373 totus,
1042 2303 1092 2380 qui
1115 2303 1210 2379 gratis
1233 2308 1282 2360 est

407 2391 559 2448 liberatus.
648 2455 651 2466 .

226 2478 254 2538 2.
276 2477 336 2536 Per
358 2477 463 2534 summi
485 2476 580 2550 patris
602 2475 824 2552 indulgentiam.

226 2565 254 2624 8.
277 2561 335 2632 Qut
356 2563 510 2628 miserans,
534 2560 615 2636 quod
637 2579 732 2636 genus
754 2561 924 2619 humanum.

225 2650 253 2709 1.
273 2649 357 2730 (Casu
380 2647 537 2704 succubuit
557 2652 710 2706 veterano.

225 2735 254 2794 5.
275 2733 359 2791 Misit
380 2737 483 2790 natum
505 2749 592 2789 snum
613 2733 643 2789 in
665 2738 770 2792 terras.

226 2819 254 2879 6.
276 2819 315 2877 Ut
337 2835 394 2878 sua
415 2817 519 2875 dextra
539 2819 673 2876 iacentes
696 2835 790 2875 coeno

226 2904 256 2964 7.
270 2905 406 2964 vLeseret
427 2903 497 2978 polo
520 2904 753 2978 restitueretque
775 2903 901 2976 patriae.

105 3045 107 3053 .
226 2992 255 3050 8.
276 2991 333 3048 Hic
357 3005 429 3064 ergo
452 2989 571 3063 genitus
593 2987 725 3046 illibatae
748 2989 851 3046 matris
874 2993 969 3048 utero.

227 3077 255 3136 9.
277 3075 334 3132 Hic
348 3075 421 3132 vixit
442 3074 525 3130 solus
546 3071 636 3130 homo
652 3075 767 3149 absque
789 3090 885 3132 naevo
908 3079 939 3130 et
961 3073 1024 3130 sine
1047 3069 1124 3131 dolo.

206 3161 253 3221 10.
275 3159 414 3228 Coluber,
436 3157 522 3216 Adae
543 3159 621 3217 male
644 3173 759 3227 suasor,

206 3246 253 3306 16.
276 3243 372 3314 Quem
395 3262 449 3302 sua
471 3253 530 3301 non
552 3245 653 3303 infecit
674 3243 788 3302 frande.
870 3303 878 3309 ,

206 3331 253 3390 17.
278 3330 355 3403 Quin
377 3331 443 3405 ipse
466 3331 562 3388 carnis
586 3331 649 3388 cius
672 3347 743 3388 esca
764 3331 859 3404 petita
882 3328 968 3388 avide

145 3453 148 3460 ,
207 3417 254 3477 18.
277 3416 406 3476 Delusus
429 3416 519 3472 homo
543 3415 662 3472 deitatis
684 3416 782 3473 victus
805 3415 903 3472 estin
926 3431 1041 3472 aevum.

206 3503 253 3563 19.
274 3502 371 3577 Igitur
394 3519 505 3568 omnes,
530 3501 637 3575 quibus
659 3501 799 3576 princeps
822 3500 910 3556 huius
934 3499 1045 3556 saeculi

203 3589 254 3648 29.
279 3587 363 3658 Quae
386 3587 441 3644 sibi
462 3587 575 3660 placita
597 3592 667 3644 sunt
688 3587 791 3643 inflixit
813 3603 950 3660 quosque
972 3583 1117 3660 perdidit:

204 3675 251 3734 18.
272 3673 349 3730 Huic
372 3672 504 3740 haerete,
527 3673 557 3727 in
580 3689 640 3746 quo
664 3690 750 3728 suum
771 3671 844 3728 nihil
866 3671 986 3748 invenit.

205 3759 251 3819 19.
273 3757 350 3815 Nam
372 3759 429 3832 ipsi
451 3756 649 3814 adhaerentes
672 3773 862 3832 nequaquam
884 3753 1141 3830 potest'perdere.

202 3843 252 3906 29.
275 3841 394 3902 Gratias
424 3861 501 3900 nunc
532 3838 623 3919 atque
652 3844 681 3899 in
712 3841 834 3900 saecula
863 3842 1058 3917 omnipotenti
1094 3839 1280 3921 redemptori

406 3929 570 3987 iubilemus.

204 4103 205 4110 ,
285 4047 377 4107 Thes.
400 4047 435 4107 II.
457 4067 487 4122 p.
504 4047 554 4106 56.
590 4048 680 4123 Sequ.
696 4047 885 4106 Notkeriana
929 4047 1046 4106 Titulus
1069 4047 1206 4120 exprimit
1228 4062 1279 4102 ex·

201 4133 317 4194 ordinm
333 4134 522 4210 Sequentiae.
560 4133 647 4190 Orbis
664 4138 754 4202 totns,
777 4133 840 4189 Deo
856 4133 967 4208 ubique
983 4131 1088 4189 laudes
1105 4133 1276 4200 concinens,

201 4238 381 4298 organorum
403 4235 493 4278 sonos
515 4218 645 4294 grandes
668 4225 759 4294 atque
781 4219 974 4277 suavissimos
988 4217 1111 4293 profert.
1134 4217 1177 4276 ct.
1198 4216 1278 4274 Nea·

198 4306 231 4368 lii
251 4307 376 4366 Dissert.
398 4323 428 4380 p.
450 4304 478 4374 5.

635 4386 645 4390 ..
650 4383 835 4393 ..---—.-—.‚-..
