2772 5024
731 425 799 502 ¹8

435 609 473 666 Et
496 609 605 667 choros
628 608 711 668 ducit
733 610 789 668 sub
811 609 1017 686 apostolorum

435 696 523 752 turba
543 695 701 770 praeclaro
722 695 832 754 nitidos
854 696 968 755 honore

432 799 489 858 per
509 789 617 857 preces
640 799 766 858 quorum
787 787 869 840 meet
890 787 921 840 et
942 783 1064 862 loquela

367 865 408 928 20
624 872 690 924 tutu
711 885 766 942 per
787 867 902 925 hostes.

434 985 584 1060 Martyres
606 987 692 1046 sestis
715 1004 891 1045 veneramur
913 989 991 1062 aptis
1033 1037 1038 1043 .

434 1077 506 1128 voto
528 1072 682 1130 confessor
704 1075 785 1147 capit
811 1075 905 1130 omnis
928 1075 996 1141 nto,
1102 1063 1107 1076 ’

356 1223 360 1226 ,
434 1159 565 1234 virgines
589 1163 709 1218 sanctes
732 1159 956 1235 monachosque
979 1159 1077 1218 claros
1140 1225 1144 1231 ¹

637 1243 726 1300 laude
743 1261 898 1302 sonemus:

367 1361 406 1423 25
430 1362 533 1420 Omnis
555 1363 613 1420 hoc
637 1361 727 1438 digna
748 1363 920 1438 patriarcha
941 1369 1059 1438 partem
1158 1355 1162 1360 ’

435 1447 540 1506 doctor
562 1453 700 1506 stratos
722 1449 814 1506 habet
837 1453 868 1506 et
890 1449 1043 1517 sacerdos,

435 1533 544 1610 gaudio
567 1552 693 1610 quorum
715 1551 838 1592 numero
861 1551 992 1609 superno

637 1621 760 1694 scriptio
783 1625 893 1678 servet.
961 1645 965 1650 -

434 1724 571 1796 Omnium
594 1756 665 1796 sune
687 1741 799 1814 pariter
822 1745 939 1796 tuorum

366 1823 407 1883 30
429 1825 507 1882 fests
530 1829 701 1882 sanctorum
724 1825 848 1882 colimus
871 1831 1031 1898 precantes

432 1909 498 1978 hos,
522 1909 575 1968 tibi
598 1911 649 1986 qui
671 1911 729 1966 iam
744 1927 880 1967 meruere
902 1911 994 1988 iungi,

658 2002 763 2052 nostre
784 1997 869 2054 tueri.

430 2115 468 2172 Et
491 2115 598 2193 quibus
615 2117 694 2174 vitae
710 2114 839 2174 stadium
854 2115 995 2174 ministris

432 2202 560 2260 curritur
579 2200 686 2258 horum
707 2199 848 2276 precibus
870 2199 968 2262 beatis

363 2284 403 2344 35
426 2285 539 2361 fulgido
559 2285 638 2342 'coeli
660 2289 773 2360 gremio
794 2287 930 2344 ioeemur

656 2377 780 2447 perpete
803 2374 872 2429 vite.

433 2488 564 2551 Gloriam
587 2496 709 2548 sanctae
732 2493 801 2566 piae
824 2493 948 2549 trinitati

432 2577 519 2634 turba
540 2577 697 2651 persultet,
721 2583 810 2634 conat
832 2583 863 2634 et
884 2575 1028 2646 revolvat,

433 2679 510 2738 quoe
532 2679 655 2720 manens
677 2669 786 2738 regnat
808 2663 889 2719 Deus
912 2680 989 2720 unus
1012 2665 1090 2720 omni
1120 2681 1124 2688 ·

635 2755 770 2822 tempore
792 2749 891 2806 saecli.

313 2853 386 2925 God.
409 2867 543 2925 Rhenov.
571 2870 640 2928 111.
664 2883 742 2924 saec.
767 2868 802 2926 X.
847 2867 902 2924 Est
922 2869 1095 2934 carminum,
1120 2883 1196 2943 quoe
1217 2866 1293 2924 sesti·
1342 2904 1347 2913 ·

227 2953 351 3011 vitutem
367 2953 505 3010 Omnium
525 2953 702 3012 Sanctorum
717 2953 878 3022 celebrant,
902 2953 1146 3012 vetustissimum.

471 3147 616 3236 Μανίῳ·
637 3147 707 3216 Dei
726 3150 787 3236 qui
813 3149 965 3220 crucum.
1009 3147 1052 3216 11.

569 3249 651 3303 Thes.
669 3249 691 3304 Ι.
709 3267 736 3318 p.
755 3250 812 3306 247.
848 3249 884 3302 11.
903 3250 960 3302 383.

314 3363 494 3450 Supplemus
517 3368 631 3420 textum
652 3363 796 3422 Breviorii
818 3362 943 3420 Romani
969 3367 1146 3425 correctum.
1365 3347 1367 3424 1

291 3483 405 3542 Inviete
428 3483 558 3556 Martyr‚
581 3483 701 3538 unicum
787 3482 805 3540 5
829 3479 887 3539 Tui
907 3486 1049 3556 precatus
1072 3497 1194 3538 munere

289 3568 389 3626 Petris
413 3573 535 3626 secutus
562 3567 664 3636 fllium,
828 3567 970 3624 Nostrum
993 3571 1110 3624 reatum
1133 3566 1219 3633 dilue,

290 3655 385 3711 Victis
408 3655 574 3729 triumphos
601 3651 749 3720 hostibus,
829 3653 944 3710 Arcens
966 3652 1036 3709 moli
1059 3653 1227 3729 contagium
1365 3623 1367 3722 1

291 3741 394 3796 Victor
415 3739 518 3798 fruens
545 3737 735 3798 coelestibus.
831 3739 917 3796 Vitae
938 3738 1090 3814 repellens
1113 3736 1248 3796 taedium.
1329 3797 1334 3802 ,

546 3857 661 3916 'Soluto
684 3863 753 3915 sunt
776 3859 834 3915 iam
855 3858 974 3916 vinoun
1018 3857 1023 3866 “

494 3945 531 4004 10
554 3945 610 4001 Tui
634 3945 743 4001 sacrati
768 3945 911 4018 corporis,

553 4030 616 4087 Nos
640 4029 725 4086 solve
746 4029 851 4087 vinciis
876 4029 988 4086 soeculi

553 4117 638 4172 Dono
661 4116 783 4188 superni
805 4116 952 4182 numinis.¹

555 4235 618 4291 Deo
641 4233 723 4291 Patri
747 4235 786 4290 sit
808 4234 903 4310 gloria
925 4239 982 4291 etc.

661 4381 862 4404 w
