2848 5030
157 631 284 689 Missule
306 632 506 702 Pietarieuse,
529 635 559 692 in
581 635 672 692 Festo
695 635 724 693 Β.
748 635 889 702 Iohannis
911 633 1138 712 Evangelistae:

241 748 455 810 Laetabundus
478 741 647 830 gratuletur
670 737 754 812 chori
776 761 893 814 coetus:
918 755 1056 814 Alleluia.

230 834 392 895 'lohannes
409 844 456 896 est
472 857 562 914 quem
576 859 636 897 non
650 843 748 918 tangit
763 842 867 899 mortis
882 847 995 898 metus:
1012 839 1073 899 Res
1088 836 1230 900 miranda.

28 947 37 964 ‘
94 1022 100 1025 ,
153 953 279 1016 ruerus
303 957 532 1034 salzburgense,
556 959 594 1018 de
617 967 734 1036 septem
756 959 909 1021 doloribus
930 961 965 1018 B.
988 959 1030 1020 M.
1051 962 1097 1020 vn

241 1057 452 1135 Gemebundus
474 1079 588 1136 Mariae
612 1080 753 1138 decantet
775 1081 888 1139 clerus:
912 1081 993 1138 Voce
1014 1083 1080 1157 pia:

241 1160 337 1230 Quam
361 1165 481 1225 confixit
494 1184 607 1233 ‚novus
620 1165 713 1238 dolor,
737 1185 820 1226 amor
841 1184 945 1226 verus:
969 1166 1029 1226 Res
1051 1165 1193 1224 miranda.

79 1287 87 1300 ‘
152 1279 278 1338 Missale
300 1278 526 1358 Mogontinnm:

238 1400 451 1462 Laetsbundue
475 1403 616 1466 decantet
637 1405 734 1472 fidelis
756 1407 863 1467 melos:
886 1406 1026 1466 Alleluia.
1222 1455 1224 1462 ,

238 1485 402 1548 Katherina
423 1491 610 1566 triumphans
633 1491 769 1550 ascendit
791 1492 905 1552 coelos:
929 1492 989 1550 Res
1012 1490 1155 1550 uitanda

85 1589 93 1620 ”
151 1600 276 1662 Missale
298 1607 559 1687 Naumburgense:

181 1763 183 1767 ,
236 1725 451 1788 Laetabundus
474 1732 634 1790 Franciseo
658 1732 799 1790 decantet
822 1733 936 1790 clerus:
959 1732 1097 1790 Alleluia.

238 1810 334 1880 Quem
356 1818 476 1874 confixit
497 1816 699 1890 nobisclavie
723 1836 805 1878 amor
826 1836 929 1878 verus:
957 1818 1018 1876 Res
1041 1815 1183 1874 miranda.

237 1931 301 1990 Nec
316 1937 422 1992 mirum
438 1944 485 1994 est
498 1938 554 1994 has
570 1937 710 2013 parodias
726 1940 756 1995 in
770 1942 857 2016 peius
874 1937 1011 1996 detersas
1026 1938 1128 1994 fuisse.
1152 1935 1225 1992 Inde

150 2031 176 2073 e.
199 2034 228 2090 g.
250 2018 301 2075 illa
323 2023 481 2092 cantilena,
505 2041 592 2099 quae,
615 2028 650 2080 ut
673 2039 739 2080 cum
761 2023 852 2081 medii
876 2025 942 2082 aevi
966 2021 1160 2098 scriptoribus
1182 2022 1225 2078 lo·
1292 2041 1302 2054 ·

150 2117 236 2176 (luas,
260 2121 303 2160 δυ
310 2123 381 2179 per
404 2103 553 2180 „Verbum
574 2109 685 2170 bouum
708 2114 739 2168 et
762 2104 873 2170 suave“
896 2110 977 2166 faeta
999 2113 1059 2166 eet:

438 2225 546 2288 vinnm
566 2230 678 2286 bonum
700 2235 731 2287 et
753 2233 855 2299 siiare,

436 2315 528 2372 Bonis
549 2315 669 2385 bonum,
691 2318 793 2390 pravis
815 2333 917 2392 prave,

438 2400 560 2458 Cunctis
585 2419 675 2476 sapor
697 2401 802 2470 dulcis,
826 2420 891 2471 ave,

504 2486 657 2544 Mundana
678 2487 805 2546 laetitia:

436 2571 501 2629 Ave
523 2573 593 2630 felix
616 2579 754 2630 creatura

436 2657 535 2728 Quam'
554 2658 694 2733 produxit
716 2659 785 2717 vitis
807 2653 892 2732 pura,

437 2741 540 2800 Omnis
562 2761 666 2801 mensa
687 2745 721 2800 fit
744 2744 850 2800 secura

503 2829 537 2885 In
559 2835 612 2886 tua
633 2829 813 2905 praesentia.

146 2913 198 3002 illa
219 2964 350 3023 quoque,
375 2965 466 3024 super
488 2965 607 3006 carmen
633 2947 884 3006 Bemardianum:

412 3067 512 3128 Beves
536 3075 630 3145 quant
652 3087 724 3128 avez
748 3087 784 3126 en
807 3071 886 3143 poin,

412 3155 476 3213 Ben
499 3161 547 3212 est
569 3156 656 3224 droit,
680 3173 731 3212 car
752 3157 817 3212 nuit
840 3160 892 3212 est
913 3155 994 3230 long,

376 3254 391 3276 ⁸
503 3241 555 3298 Sol
578 3241 615 3298 de
638 3242 741 3298 stella:

412 3321 511 3383 Bevez
532 3327 602 3383 bien
625 3332 655 3384 et
676 3327 770 3386 bevez
792 3327 851 3395 bel,

411 3411 436 3468 Il
458 3429 512 3470 vos
534 3412 647 3470 vendre
670 3411 707 3470 de
729 3413 812 3470 tonel

501 3497 625 3572 Semper
647 3499 737 3556 clara.

228 3632 266 3689 Et
293 3633 362 3690 hinc
392 3633 521 3691 fortasse
558 3635 589 3690 in
618 3635 777 3691 eeclesiam
815 3631 964 3690 Scotieam
982 3629 1218 3690 subtilissimam

142 3717 269 3775 nocendi
283 3719 449 3776 machinam
455 3718 612 3777 fabricavit
619 3719 767 3777 Iohannes
776 3717 873 3786 Knox;
884 3719 999 3800 scilicet
1014 3735 1082 3774 eum
1091 3734 1217 3792 sequen·

142 3803 251 3860 tiarum
271 3805 510 3880 hymnorumque
533 3805 677 3863 melodias
699 3804 810 3880 ubique
837 3803 911 3862 vidit
940 3819 1077 3878 sparsae,
1107 3803 1217 3878 ubique

142 3895 267 3959 amatae,
292 3884 422 3965 „super‘f
447 3907 499 3948 eas
522 3892 581 3948 alia
602 3890 695 3950 verba
725 3891 909 3964 composuit,
933 3889 982 3948 vel
1012 3887 1217 3964 componenda

143 3977 269 4045 curavit,
281 3977 360 4034 levia
370 3975 549 4036 etindeeora
556 3977 742 4052 plerumque,
751 3976 962 4050 nonnunquam
974 3973 1217 4043 obscoenissimo,

89 4095 91 4102 ι
115 4102 117 4106 .
141 4063 175 4116 ut
196 4062 227 4118 in
250 4068 454 4138 contemptum
476 4065 620 4120 musicam
642 4061 794 4138 redigeret
817 4061 1061 4118 ecclesiasticam
1106 4061 1215 4118 Vivunt

141 4143 240 4205 adhuc
264 4147 346 4223 apud
367 4167 422 4207 nos
437 4147 584 4206 melodiae
598 4149 719 4216 multae,
744 4165 769 4204 e.
785 4166 831 4223 g.:
856 4145 973 4219 „Cauld
993 4147 1054 4203 kail
1075 4147 1106 4202 in
1121 4145 1216 4203 Aber-

142 4226 250 4302 deen“,
272 4260 316 4272 --
346 4235 493 4310 „Coming
514 4234 649 4310 through
676 4234 729 4292 the
757 4227 842 4308 rye,“
865 4260 909 4271 -
931 4232 1026 4305 „Iohri
1048 4231 1215 4298 Anderson,

141 4335 192 4391 my
213 4320 259 4388 io,
282 4315 388 4389 Iohn,“
419 4337 496 4396 quae
520 4339 556 4380 ex
586 4321 794 4396 sequentianis
822 4325 853 4379 et
880 4319 1044 4395 hymnariis
1072 4318 1216 4393 originem

139 4401 305 4484 (plerisque
326 4405 553 4482 incompertam)
576 4409 741 4466 traxerunt

938 4500 940 4504 .
977 4496 1012 4550 ³*
