2772 5024
36 649 40 658 ·
78 627 157 691 sciam,
177 624 258 680 aliter
278 621 492 696 reformandum
514 621 590 678 hunc
611 639 724 680 versum
753 623 880 689 cernaii,
911 623 1043 679 nimirum
1065 625 1123 681 He·

78 709 146 766 rodas
165 710 250 766 hostis
271 711 364 784 impie.
408 707 485 764 Eius
505 707 655 765 uerborum
678 707 721 771 (in
744 707 888 780 Colloquio
911 709 1034 764 convivii
1049 728 1121 784 poe·

78 793 127 858 tici)
145 811 245 850 mmma
266 802 326 850 est:
354 793 390 849 In
419 811 506 848 uersu
527 792 629 849 Hostis
650 791 782 848 Herodes
811 795 896 867 impie
925 793 968 850 tis
991 798 1120 868 peccari,

78 881 129 951 quia
143 882 231 954 primo
253 879 312 934 loco
334 879 437 934 Hostis
460 878 612 934 trochaeus
622 881 754 952 ponitur,
778 879 829 950 qui
850 880 880 933 iu
902 879 1029 934 carmin'e
1052 882 1121 937 iam·

77 964 181 1020 iiconon
195 963 372 1020 admittitur:
386 963 512 1021 secundo
526 963 587 1019 Ioco
601 963 681 1018 Hero
697 969 742 1020 est
755 963 925 1037 spondaeus,
943 981 1005 1018 cum
1021 963 1123 1022 debeat

76 1067 125 1104 esse
140 1050 252 1120 iambus.
296 1049 380 1104 Hauc
401 1051 593 1104 coniecturum
615 1049 774 1116 Fabricius,
796 1049 829 1104 'et
856 1049 910 1116 ulii¹
930 1048 1055 1106 editores
1076 1070 1121 1106 se·

75 1136 122 1190 att
139 1143 208 1189 sunt.
246 1133 414 1208 Sequuntur
428 1135 513 1190 etiarn
535 1136 720 1189 recentiores.
758 1131 935 1190 Muncicerus
957 1134 997 1190 ad
1011 1135 1118 1210 quin.

72 1219 119 1290 sat.
138 1217 200 1274 233.
218 1238 288 1294 pop.
305 1219 378 1286 289,
400 1221 538 1276 substitui
559 1219 671 1276 uolebat
683 1218 809 1276 Herodis
831 1219 932 1286 hostis,
956 1221 1024 1293 quia
1046 1222 1121 1278 alias

73 1305 272 1378 ultimasyltaba
287 1307 445 1379 corripitur
468 1311 569 1361 contra
593 1305 683 1378 lepem
700 1305 816 1379 pedum.
851 1305 979 1378 Reponit
998 1307 1120 1362 Arntze-
1146 1328 1149 1346 .

72 1391 135 1456 tius,
162 1392 188 1446 in
211 1387 329 1448 Sedutio
352 1391 422 1446 talia
444 1389 599 1463 aliquando
622 1408 687 1446 esse
717 1390 904 1446 admittenda.
948 1390 1051 1447 Verum
1073 1393 1120 1450 his

73 1475 104 1528 ito
122 1483 280 1532 occurrerat
293 1475 450 1532 Erasmus:
471 1493 534 1531 cum
556 1475 687 1532 Herodes
710 1475 798 1532 dictio
819 1492 925 1548 praeca
947 1477 995 1543 sit,
1019 1477 1120 1534 ultima

74 1560 225 1616 invocandi
253 1579 322 1616 casu
353 1562 461 1636 corripi
484 1563 603 1634 poterit.
648 1559 738 1616 Addit
763 1560 921 1628 Erasmus,
951 1562 1052 1619 metius
1074 1581 1120 1620 co-

29 1661 32 1666 ’
74 1643 174 1700 haerere
194 1646 339 1720 epitheton
357 1639 448 1720 ‘impie
468 1663 530 1700 cam
553 1645 654 1713 hostis,
677 1657 845 1719 quam·cum
867 1646 1006 1703 Herodes.
1054 1647 1120 1706 Cor·

73 1737 176 1786 rectores
195 1731 364 1804 hymnorum
387 1731 523 1787 breviarii
544 1729 666 1788 Romani
688 1733 740 1786 sub
768 1729 879 1787 Urbano
906 1731 984 1789 VIII.
1008 1735 1051 1789 sic
1073 1752 1119 1790 re·

70 1815 225 1884 formarunt:
243 1815 375 1872 Crudelis
388 1815 529 1882 Herodes,
545 1815 685 1872 Bcnm-
696 1817 804 1890 Repem
820 1818 918 1872 uenire
932 1818 1004 1889 quid
1018 1821 1120 1875 times?

71 1897 98 1952 in
110 1903 195 1974 prima
217 1919 288 1958 aero
309 1901 435 1957 editione
457 1919 502 1956 an.
525 1900 618 1967 1629,
645 1899 775 1958 Crudelis
797 1901 941 1967 Herodes,
964 1902 1055 1958 licum
1076 1929 1120 1942 -

74 1983 152 2041 Terris
172 1989 269 2042 uenire
294 1986 363 2058 quid
385 1987 486 2042 times?
514 1985 654 2059 Equidem
678 1987 829 2053 existimo,
858 2006 876 2041 a
900 1985 1012 2044 Sedutii
1033 2005 1119 2045 manu

71 2070 225 2129 nudastis
239 2071 374 2128 Herodes
388 2073 481 2146 impie.
522 2070 605 2140 Quod
626 2073 699 2128 enim
709 2074 835 2146 primum
857 2073 956 2128 obiicit
968 2073 1118 2140 Erasmus,

70 2152 151 2212 Hostis
164 2175 225 2214 csse
241 2156 416 2224 trochaeum,
440 2157 490 2230 qui
504 2158 534 2212 in
557 2157 676 2212 iambico
698 2158 825 2212 carmine
841 2158 930 2212 locum
953 2157 1118 2225 nonhabet,

25 2311 26 2316 ἵ
69 2240 139 2309 facite
158 2242 296 2307 diluitur;
318 2260 383 2297 nam
405 2243 546 2317 aspiratio
568 2243 598 2297 in
621 2259 688 2298 voce
702 2241 834 2298 Herodes
856 2243 911 2298 cim
933 2245 1119 2300 consonantis

68 2323 155 2382 hahere
169 2335 277 2402 potest,
302 2335 335 2384 ut
354 2327 441 2382 hahet
460 2345 548 2401 saepe
570 2327 650 2402 apud
671 2327 817 2383 Sedulium
841 2335 870 2383 et
891 2329 964 2384 alios
987 2331 1049 2386 eius
1071 2347 1119 2386 ac-

70 2412 157 2480 quates.
200 2413 246 2470 Ita
277 2412 378 2468 Hostis
407 2419 454 2468 cst
480 2412 651 2486 spondaeus.
697 2411 784 2469 Immo
811 2412 865 2468 hac
886 2415 1000 2470 ratione
1016 2421 1121 2490 posset

31 2498 35 2516 '
70 2499 158 2570 reponi,
180 2505 211 2554 ut
231 2499 379 2554 sententia
401 2515 463 2554 cum
485 2499 671 2570 sequentihus
692 2500 794 2554 metius
816 2499 977 2566 cohaereat,
1001 2501 1119 2557 Hostem

69 2579 177 2640 Hnodcs
205 2586 302 2659 impie,
324 2605 376 2619 -’
392 2582 533 2640 Christum
562 2585 661 2640 uenire
690 2583 761 2656 quid
788 2585 890 2640 times?
938 2586 990 2641 Ait
1017 2585 1120 2642 deinde

26 2693 27 2700 .
68 2663 194 2736 Irmmus,
217 2669 299 2726 Hero
321 2686 386 2724 esse
400 2668 593 2742 spondaeum:
614 2686 712 2725 onum
727 2668 760 2725 id
780 2668 901 2740 quidem,
924 2671 952 2726 si
968 2673 1066 2744 prima
1088 2671 1119 2726 in
1211 2663 1214 2666 ’

67 2750 177 2811 Herodes
197 2755 364 2828 necessario
378 2753 578 2834 producatur;
599 2753 653 2811 scd
672 2771 735 2810 cum
757 2755 788 2808 in
810 2753 970 2810 nominihus
986 2757 1120 2829 propriis

64 2844 151 2908 poetae
175 2841 320 2912 sequioris
349 2840 413 2894 aeui
441 2839 515 2894 hona
536 2841 592 2896 sihi
621 2840 764 2896 licentiam
794 2845 983 2911 armassent,
1012 2846 1047 2896 ut
1061 2857 1120 2914 pro

68 2920 143 2979 antu
160 2925 289 2998 syllabas
305 2923 502 2998 producerent
522 2927 776 2998 attemperant,
799 2926 902 2980 merito
912 2941 1067 2998 possumus
1088 2927 1120 2982 in

68 3004 131 3064 iiero
149 3011 269 3066 iambum
292 3025 471 3083 cynosura.-
502 3009 596 3084 Saepe
617 3012 704 3066 etiam
726 3009 841 3075 uendit,
864 3017 897 3065 ut
912 3017 1019 3084 poetae
1040 3009 1120 3068 Chri-

68 3092 140 3150 stiani
158 3097 187 3151 in
208 3096 308 3152 eodem
330 3097 443 3150 nomine
458 3099 583 3170 proprio
604 3095 729 3151 eamdem
758 3095 896 3168 syllohom
925 3095 1007 3152 modo
1029 3087 1119 3152 c'orri-

65 3177 140 3248 pinat,
159 3181 238 3238 modo
247 3179 422 3255 producunt.
461 3179 597 3238 Seduiius
618 3182 761 3255 corripuit
781 3199 798 3238 o
820 3183 850 3236 in
864 3182 998 3248 Ioannes,
1022 3199 1120 3254 quam·

68 3261 102 3318 ris
114 3282 166 3338 per
186 3283 288 3341 omepa
309 3267 461 3322 scribatur.
505 3265 585 3322 Idem
606 3267 749 3340 corripuit
769 3267 922 3323 secundam
945 3268 975 3322 in
995 3265 1118 3332 Mariae,

67 3351 223 3408 meantem
244 3351 385 3424 syllabam
403 3351 554 3425 produxit.
599 3351 635 3408 In
663 3353 777 3408 nomine
798 3354 861 3426 ipso
891 3351 1003 3408 Sedutii
1024 3353 1122 3408 carim
1214 3347 1218 3354 ”

66 3429 225 3494 Fortunatus
254 3437 287 3502 (i.
317 3435 395 3493 VIII.
425 3453 511 3492 carm.
539 3435 567 3493 9.
590 3444 621 3492 et
655 3437 718 3493 Vita
749 3437 778 3493 S.
808 3437 930 3492 Martini
959 3455 983 3492 a.
1008 3435 1067 3499 17.)
1091 3442 1121 3491 et

62 3517 162 3589 priores
175 3510 256 3579 'duos
282 3521 410 3594 syllabas
431 3521 512 3578 modo
529 3524 642 3592 ,trecea
666 3520 746 3578 modo
769 3522 870 3594 tompus
889 3520 972 3592 facit.
1010 3520 1038 3578 8.
1053 3520 1118 3577 Vat.

69 3600 89 3655 1.
108 3607 239 3680 arripit.
285 3605 313 3664 5.
338 3606 399 3662 Ott.
426 3607 452 3662 1.
475 3623 545 3679 qua
566 3612 759 3673 venerant,
789 3607 872 3680 prius
901 3605 957 3662 fuit
979 3607 1041 3680 qui
1062 3621 1119 3664 ve·

66 3695 187 3748 nerant
245 3689 321 3746 Post
358 3691 512 3764 stropham
548 3691 710 3749 secundam
746 3691 780 3746 R.
816 3691 921 3748 habet:
953 3691 1120 3750 Katerva

66 3777 197 3832 matrum
232 3781 411 3850 personat
440 3782 497 3832 ete.
550 3777 578 3835 9.
609 3777 644 3833 R.
673 3777 875 3842 lavacrum.
924 3777 970 3836 10.
1000 3775 1033 3833 Ρ.
1065 3781 1120 3833 at·

67 3857 140 3916 tulit
160 3859 193 3928 (t)
237 3861 387 3936 Strophae
409 3863 516 3918 tertiae
547 3867 577 3919 et
606 3867 731 3938 quartae
760 3861 795 3918 R.
819 3863 992 3920 interseruit
1014 3863 1120 3920 aliern:

65 3939 241 4004 Miraeuiis
265 3941 366 4005 dedit
387 3946 519 4020 iidem,
537 3945 671 4004 habere
695 3965 732 4004 se
754 3949 866 4005 Deum
895 3951 1044 4022 patrem
1072 3949 1120 4006 in·

66 4025 154 4087 firma
175 4049 313 4090 sanans
336 4049 488 4107 corpora
511 4038 546 4090 et
569 4034 757 4090 suscitans
781 4032 969 4091 cadavera.
1041 4106 1046 4116 ·

121 4137 162 4192 Os.
180 4139 229 4194 Oa.
248 4141 277 4194 P.
295 4141 402 4196 faciunt
420 4157 482 4196 cum
500 4141 656 4195 Thesauro.

487 4315 687 4324 “manu-u·-
