2904 5028
663 451 727 522 357

66 697 71 705 ,
154 635 197 698 25
219 635 290 712 Ipse
311 639 426 710 martyr
448 633 589 712 egregius
757 633 885 693 Iudaei
907 637 1003 712 magis
1027 638 1199 696 saeviunt

220 737 342 779 amore
374 721 513 780 Christi
548 717 693 794 praedi·
758 739 919 798 saxaque
956 728 1133 797 prensant
1162 741 1227 782 ma·

514 822 603 864 cuns
1049 809 1169 878 nibus,

221 893 528 968 sanctorcpletus
546 893 691 968 spiritu,
758 893 967 962 currebant,
1010 898 1050 950 ut
1086 895 1227 952 occide·

156 993 158 996 ·
219 979 357 1038 vultum
394 995 525 1054 gerens
556 979 691 1054 angeli·
1047 986 1129 1038 rent

563 1080 648 1120 cum.
754 1065 948 1124 verendum
978 1065 1116 1122 Christi
1134 1067 1226 1126 mili-

703 1156 704 1162 ’
1045 1157 1128 1208 tem.

218 1270 275 1328 Hic
298 1287 365 1327 cum
387 1270 533 1346 supremis
554 1269 678 1328 vocibus
693 1269 734 1330 45
757 1270 798 1328 At
818 1271 869 1328 illc
891 1271 1010 1328 Christo
1032 1273 1168 1346 protinus

151 1357 197 1418 ι30
219 1356 344 1414 verbum
365 1356 471 1414 solutis
493 1354 605 1424 ederet,
757 1355 905 1415 tradens
943 1357 1089 1414 beatum
1121 1359 1226 1433 spiri·

100 1465 110 1486 ·
218 1439 330 1500 Iudaea
353 1441 463 1500 clerum
485 1443 615 1498 caecitas
716 1472 718 1486 ·
1046 1449 1139 1511 tum,
1232 1489 1234 1493 .

217 1529 278 1587 vim
299 1528 433 1587 veritatis
455 1527 595 1602 reppulit.
753 1499 820 1604 pro
834 1533 1145 1628 persequentum
1160 1531 1225 1588 cri·

1045 1616 1144 1672 mine

750 1717 906 1775 precem
935 1699 1148 1756 secundem
1175 1699 1225 1759 di·

219 1781 337 1842 Invadit
358 1801 430 1860 ergo
452 1781 597 1860 perfida
1048 1787 1161 1862 rigit:

218 1870 323 1946 plebes
339 1867 449 1928 docent
436 1875 498 1928 tem
517 1874 688 1968 martyrem,
754 1905 865 1977 ”Deus
890 1908 973 1961 crea
974 1923 1008 1961 or
1030 1907 1167 1977 omnium,

153 1955 195 2016 ³5
218 1963 252 2014 ut
273 1973 369 2031 1111ΡΘΓ
390 1957 460 2032 ²3⁰1
483 1973 666 2030 ⁸²¹¹g¹¹¹¹²⁶m’
690 1989 731 2049 50
754 1949 868 2047 dimitte
891 1992 990 2048 caecis
1017 1991 1075 2047 hoc
1102 1992 1221 2048 melum

218 2059 323 2100 mamm
346 2047 485 2098 “uenias
508 2042 609 2098 exem
753 2081 783 2133 et
803 2077 861 2132 hoc
883 2077 977 2144 nefas,
1001 2069 1082 2152 qdod
1102 2078 1222 2152 aspicis,

753 2161 875 2238 indulge
896 2163 970 2218 meis
992 2161 1140 2236 precibus.

219 2279 289 2338 Sed
303 2279 370 2338 ille
386 2281 525 2338 coelum
540 2282 729 2338 intuens
752 2280 878 2339 Praesta
899 2287 953 2358 pet
954 2299 987 2340 er
1007 2299 1063 2357 per
1084 2283 1185 2352 filium,

218 2365 293 2424 vidit
280 2371 430 2442 tpntrem
453 2385 520 2424 cum
541 2365 611 2436 filio,
754 2374 942 2444 praestaper·
953 2369 1063 2427 almum
1076 2370 1163 2444 spirit
1163 2389 1222 2441 um,

217 2456 415 2510 monstrans
407 2472 438 2510 m
454 2453 545 2512 coelis
561 2442 670 2522 vivere,
690 2453 729 2514 55
754 2471 821 2510 cunr
842 2455 889 2511 his
912 2472 966 2529 per
987 2471 1093 2514 aevum
1115 2456 1223 2530 triplici

150 2539 195 2598 40
211 2537 688 2616 quemplebsgaudebatperdere.
752 2558 828 2596 unus
850 2541 931 2598 Deus
954 2541 1138 2618 cognomine.

215 2661 271 2722 Hic
294 2659 453 2718 verborum
474 2664 590 2728 textus,
621 2660 844 2736 conglutinatus
875 2677 911 2716 ex
933 2659 1058 2718 duorum
1079 2661 1223 2718 librorum
1248 2643 1255 2656 ⁸

153 2747 304 2820 scriptura
324 2747 354 2802 in
377 2745 532 2802 Thesauro
555 2745 701 2814 exhibite,
731 2746 814 2802 nulle
835 2747 1014 2804 auctoritate
1036 2748 1170 2804 firmetur
1193 2753 1224 2806 et

152 2833 277 2889 internis
295 2829 338 2894 ,de
355 2832 454 2888 causis
471 2829 576 2888 debilis
593 2833 712 2889 corruit.
752 2829 882 2900 Quilibet
898 2833 992 2888 cernit
1014 2831 1140 2890 eandem
1160 2849 1224 2890 rem

151 2919 330 2994 plerumque
354 2916 464 2991 duplici
487 2915 542 2974 sub
564 2917 659 2975 forms
687 2919 791 2990 repeti.
836 2916 924 2988 Quod
951 2917 1069 2974 Munius
1091 2920 1156 2993 ipse
1179 2924 1224 2976 te-

153 3009 260 3072 statur,
284 3001 398 3060 dicens:
422 3003 477 3060 Die
490 3021 582 3078 panse
595 3003 805 3078 Interpolotion
818 3004 932 3062 sedant
944 3021 980 3060 zu
995 3004 1057 3060 dem
1072 3004 1223 3080 doppelten

154 3089 275 3170 aneclce
285 3089 417 3162 pensent
430 3105 466 3146 zu
480 3091 552 3158 scin,
568 3090 713 3146 entneder
727 3089 783 3146 den
798 3089 1013 3162 altenHymnus
1026 3091 1079 3162 fiir
1092 3091 1224 3148 motrcre

156 3175 312 3250 raynerus
339 3191 376 3232 cu
405 3178 572 3242 ermeitern,
602 3175 673 3232 oder
698 3175 751 3247 fiir
777 3175 990 3233 otwechsclndc
1015 3176 1104 3234 Gltdrc
1126 3180 1223 3234 cinzo-

152 3261 274 3328 m‘cdtcm
299 3261 438 3334 ,morans
453 3261 505 3317 der
518 3259 702 3318 miedcrtolte
716 3261 815 3318 Indole
835 3263 979 3318 einzelner
995 3261 1139 3338 scophen
1160 3264 1223 3320 ltin-

154 3340 264 3403 ιισὶιι.“
303 3345 421 3403 Accidit
442 3347 512 3403 Viro
535 3346 634 3414 docto,
657 3345 688 3402 id
704 3345 785 3422 quod
807 3347 869 3404 fere
892 3347 978 3414 solet,
1001 3351 1035 3404 ut
1056 3365 1222 3422 unopravc

159 3434 305 3490 sententie
327 3432 452 3490 alteram
473 3432 552 3488 ultro
575 3430 724 3489 obtrudat.

589 3595 791 3604 ’.υς-ης...

239 3691 368 3762 Amore
400 3690 533 3762 Christi
561 3693 687 3762 nobilis
708 3723 737 3778 p.
762 3703 811 3764 90.
853 3701 1110 3763 ermemiro.
1156 3703 1220 3772 (Hs.

155 3807 193 3848 nu
221 3790 385 3848 Kcrlsruhe
418 3790 464 3848 14.
493 3789 598 3847 Jnhrh.
641 3789 695 3846 Hs.
727 3807 763 3846 zu
791 3788 924 3846 Meiland
952 3791 981 3846 in
1011 3788 1065 3848 der
1095 3791 1222 3848 ambros.

152 3875 324 3934 Bibliothek
344 3876 384 3934 Μ.
413 3875 463 3936 25.
486 3875 539 3934 des
565 3875 611 3934 15.
635 3873 751 3942 Jahrh.)
795 3876 823 3934 8.
846 3875 1067 3933 immobilis.
1114 3877 1161 3936 19.
1185 3882 1223 3935 et

124 3962 254 4020 -Deus
277 3967 363 4020 eret
384 3962 558 4030 verbum,
581 3963 653 4020 hoc
676 3966 770 4018 erat.
815 3963 864 4021 22.
887 3979 927 4018 se
950 3967 1070 4020 sonet

629 4129 789 4138 ..ψ-η...-

240 4225 352 4314 Agnis
374 4225 498 4294 beatae
518 4227 663 4312 virginis
684 4195 714 4314 ιι.
738 4236 787 4296 90.
832 4235 921 4292 Mone
937 4215 999 4294 -ΠΙ,1
1026 4232 1093 4294 177.
1117 4233 1223 4295 iisdem
1331 4263 1335 4270 ·

153 4321 333 4382 membranis
355 4339 429 4378 usus
452 4325 499 4378 est
521 4321 628 4397 quibus
650 4323 680 4378 in
702 4321 899 4381 antecedenti.
941 4324 965 4380 1.
990 4321 1129 4398 Agnes.
1158 4323 1224 4379 Am-

153 4411 267 4470 drusius
289 4409 425 4468 trauclte
446 4407 544 4466 diesen
573 4409 771 4484 griechischen
796 4409 924 4478 (lenitis,
955 4427 1002 4466 um
1031 4409 1086 4466 den
1115 4407 1223 4466 Nomen
