2724 5026
244 579 264 640 3
288 577 417 646 stabilia,
441 579 588 636 inmobilis
819 597 929 654 parens
953 581 1059 638 salutis
1083 581 1217 647 omnium,

286 681 322 722 ac
344 664 535 732 invariabilis,
597 729 604 734 ,
794 717 796 722 .
820 684 838 723 o
861 666 970 735 lumen,
994 685 1011 722 ο
1036 683 1107 740 spes
1126 665 1264 724 fidelium!
1346 691 1347 694 ¹

286 768 412 825 magnus
436 755 466 807 et
487 750 655 819 laudabilis,
820 751 973 810 humilitas
996 757 1027 808 et
1048 753 1155 826 pietas,

286 835 444 910 postulans
467 837 628 914 gemitibus
820 836 991 913 benignitus
1014 841 1045 894 et
1068 835 1197 912 dignitas

286 917 566 990 inenarrabilibus,‘
823 929 853 980 et
874 923 1000 999 largitas
1024 919 1055 980 et
1077 925 1217 980 castitas!

287 1000 379 1065 solvis
403 1025 421 1064 a
441 1007 585 1075 reatibus,
871 1062 877 1074 ,
1193 1061 1199 1074 .
1346 1023 1347 1030 ’

286 1093 394 1167 imples
418 1091 656 1154 charismatibus·
779 1058 799 1118 7
822 1059 880 1129 Qn
902 1065 992 1134 prout
1013 1061 1078 1117 vult
1096 1065 1132 1117 ¹et
1150 1059 1201 1116 ubi
1214 1060 1276 1126 vult,

695 1169 698 1175 ·
821 1152 852 1202 et
861 1145 940 1202 unde
948 1145 1054 1218 vultet
1065 1146 1277 1220 quantumvult

243 1213 264 1272 ¹¹
286 1203 401 1359 {lgffl
417 1213 583 1372 ξὲῖὲἒὲἑῐὲίῃ
823 1249 1027 1306 quoscumque
1054 1232 1278 1373 vulttetustuot-

287 1382 417 1524 {trigeno
440 1389 556 1440 fectum
747 1434 750 1444 ι
819 1403 960 1494 inspirat,
984 1335 1133 1477 pur&
1161 1336 1181 1376 v
1210 1360 1231 1405 '³

308 1485 362 1524 ³¹¹⁸
387 1474 418 1526 el
440 1469 587 1526 affesslum·
822 1493 959 1546 munerat
980 1493 1011 1576 et
1033 1489 1213 1564 magnificat.

244 1588 263 1646 5
288 1587 493 1663 Omnipotens,
517 1591 674 1664 propitius,

168 1741 176 1752 ι
288 1676 430 1743 sanctius,
455 1677 575 1734 suavius
599 1681 630 1732 et
652 1677 742 1732 altius

286 1777 346 1835 quo
368 1760 443 1816 nihil
465 1766 513 1818 cst
534 1759 701 1830 iocundius,
767 1775 769 1782 ·

171 1915 173 1919 ι
286 1863 345 1921 quo
367 1845 440 1902 nihil
463 1851 510 1904 est
532 1852 562 1904 et
584 1845 730 1918 mundius.

780 1627 799 1685 8
823 1625 952 1701 Spiritus
977 1626 1120 1682 scientiae

822 1727 981 1786 sermoque
1004 1712 1171 1786 sapientiae

819 1797 982 1854 lectoribus
1006 1795 1143 1864 donetur,
1206 1828 1209 1832 -

819 1883 905 1940 vobis
928 1881 1113 1938 auditoribus

245 1965 264 2023 b
287 1965 472 2029 Illuminator
495 1965 630 2023 cordium
655 2017 658 2023 ,
819 1968 1035 2042 benevolisque
1057 1967 1197 2026 omnibus

155 2041 158 2049 ¹
225 2073 229 2078 ·
287 2055 318 2108 at
340 2057 522 2127 expurgator
545 2051 686 2128 sordium,
750 2123 755 2132 ,
799 2055 920 2128 ¹gratia
942 2054 1112 2127 inspiretur.
1205 2097 1208 2100 .
1303 2067 1305 2073 ·

601 2189 727 2246 Carmen
747 2189 964 2248 Hildeberti.

288 2289 417 2369 Spiritus
442 2292 565 2361 Sancte,
588 2291 642 2350 Pie
664 2292 827 2360 Paraclite,

288 2375 380 2432 Amor
402 2377 500 2434 Patris
524 2385 555 2436 et
576 2377 655 2446 Filii,
679 2396 772 2434 nexus
797 2378 953 2453 Gignentis
978 2383 1008 2436 et
1031 2378 1144 2446 Gonni,

178 2527 179 2530 Ἴ
208 2497 214 2500 -
288 2461 451 2538 Utriusque
474 2463 592 2538 bonitas
616 2471 646 2520 et
674 2466 798 2532 caritas,
826 2470 856 2521 et
883 2465 1036 2522 amborum
1063 2465 1213 2521 essentiae
1238 2477 1282 2536 pu·

426 2551 513 2618 ritas,

287 2633 477 2710 Benignitas,
502 2635 647 2704 suavitas,
670 2635 852 2702 iocunditas,
1143 2707 1147 2712 Ι

246 2717 264 2778 5
287 2719 443 2778 Vinculum
466 2725 590 2778 nectens
612 2722 708 2778 Deum
730 2721 854 2789 homini,
878 2721 972 2780 virtus
995 2719 1129 2777 adunans
1145 2721 1282 2778 hominen

424 2805 554 2875 Numini;

288 2890 354 2948 Tibi
377 2891 433 2948 soli
456 2892 546 2968 digno
570 2893 627 2949 ooli
650 2889 836 2958 c‘um'Patre,
851 2891 984 2968 Filioque
1150 2947 1155 2956 ,

287 2975 370 3052 iugis
407 2977 520 3046 cultus,
555 2978 650 3034 honor
679 2979 790 3036 multus
818 2981 864 3035 'sit
896 2995 1014 3052 semper
1046 2967 1221 3054 procedenti
1251 2973 1281 3032 ab

428 3070 564 3138 utroque.
641 3113 643 3116 .
877 3101 880 3104 -

288 3147 335 3204 Tu
356 3149 435 3206 mitis
459 3155 489 3205 et
511 3149 628 3218 hilaris,
652 3144 801 3218 amabilis,
823 3147 996 3218 laudabilis,
1088 3151 1095 3160 ’

288 3225 436 3292 Vanitatis
459 3234 631 3307 mundator,
654 3235 816 3292 munditiae
840 3239 967 3303 amator,
1030 3247 1035 3252 ·
1069 3243 1071 3249 ⁴

195 3387 200 3392 Ὗ
228 3317 267 3375 10
288 3319 351 3376 Vox
367 3322 466 3379 suavis
478 3321 595 3392 exulum
607 3323 815 3388 moerentium,
831 3319 960 3378 melodia
973 3321 1080 3398 civium
1092 3317 1281 3396 gaudentium,

238 3423 240 3427 ’
287 3405 358 3462 istis
382 3408 514 3464 solamen
537 3424 574 3463 ne
598 3405 760 3481 desperent
783 3406 820 3463 de
843 3413 887 3474 te,

257 3476 260 3492 '
288 3491 359 3548 Istis
377 3493 519 3567 juvamen
541 3497 575 3548 ut
598 3495 748 3568 suspirent
771 3491 809 3548 ad
832 3498 875 3560 te;

290 3577 468 3634 Consolator
489 3580 620 3652 piorum,
643 3577 803 3652 inspirator
825 3577 983 3676 bonorum,
1008 3577 1180 3634 consiliator
1197 3587 1281 3630 moes·

234 3721 241 3734 ,
429 3669 541 3732 torum,
656 3697 659 3704 -
706 3714 711 3722 f

291 3747 468 3806 Purifieator
495 3767 643 3818 errorum,
672 3749 804 3806 eruditor
826 3750 1010 3832 ignotorum3
1040 3745 1205 3805 declarator
1225 3759 1281 3819 per·

430 3835 597 3909 plenorum,

230 3919 267 3978 15
289 3919 424 3976 Debilem
453 3923 585 3997 erigens,
617 3921 735 3978 devium
763 3919 923 3996 colligam,
956 3924 1105 3988 errantem
1132 3917 1280 3996 corrigens,

293 4005 429 4062 Sustines
445 4005 608 4074 labantem,
625 4023 783 4081 promoves
804 4011 974 4074 conantem,
996 4006 1116 4080 perficis
1135 4005 1280 4062 amantemi

291 4087 461 4160 Perfectum
483 4092 586 4150 aducis
609 4091 647 4150 de
669 4093 737 4148 lacu
760 4081 855 4150 faecis
876 4096 908 4148 et
928 4093 1078 4158 miseriae„

188 4188 190 4204 ·
290 4175 422 4234 Deducis
444 4195 499 4252 per
518 4179 657 4244 semitam
678 4178 763 4252 pacis
786 4183 817 4234 et
838 4178 985 4245 laetitiae,

289 4261 414 4323 inducis
436 4263 491 4321 sub
514 4262 644 4322 nubein
667 4263 765 4320 aulam
789 4264 962 4338 sapientiae.
1065 4262 1067 4274 '

227 4347 268 4406 20
290 4347 528 4423 Fundamentum
551 4350 732 4417 sanctitatis,
757 4348 929 4414 alimentum
950 4349 1111 4414 castitatis,
1174 4377 1179 4386 ·
