2788 5024
676 415 766 516 tlt...

256 600 408 672 Hymnum
428 600 459 656 in
482 601 612 668 tristitia,
797 600 836 656 Ut
857 601 1028 672 posthaec
1050 601 1145 668 exilis,

236 683 434 762 Congsudcre
457 686 488 740 in
511 686 616 742 electis
776 684 848 758 Ipsa
867 687 1085 742 interveniente

255 771 367 831 Meruit
389 772 418 826 in
442 771 546 844 gloria,
793 771 956 828 Lestcmur
975 773 1009 831 in
1028 773 1134 846 patria

236 855 302 926 Quo
325 873 381 912 nos
404 858 503 912 cuncti
530 858 706 915 festinemus

258 1109 329 1186 578}
347 1117 432 1195 [Ace
447 1119 517 1186 Dei
527 1121 682 1204 penitrir
697 1088 823 1184 summi
836 1121 935 1202 sirpo
950 1139 1091 1206 semper
1107 1119 1247 1192 Morio.

172 1215 206 1282 lp
229 1215 513 1286 Assumptione
536 1215 568 1272 B.
592 1215 624 1274 V.
648 1215 737 1272 Thes.
760 1213 795 1274 li
818 1215 909 1290 p.49.
934 1215 1024 1270 Mons
1046 1213 1083 1278 ll.
1106 1233 1135 1288 p.
1160 1209 1245 1286 352]

530 1361 532 1366 .
610 1359 809 1371 ——..-—--

261 1450 331 1508 579.
357 1437 476 1520 [Solve
497 1446 603 1528 porta
623 1447 820 1529 perpetuae
844 1443 933 1508 breis
953 1439 1099 1528 fielpido.
1127 1453 1161 1511 In
1184 1451 1249 1509 As-

81 1596 91 1613 ,
178 1527 516 1610 sumptioneB.V.
558 1537 646 1594 Thes.
670 1537 707 1593 Π.
731 1557 760 1611 p.
783 1535 833 1594 572
876 1537 967 1594 Mone
989 1537 1025 1596 ΙΙ.
1048 1557 1076 1612 p.
1100 1535 1159 1604 68]

610 1667 814 1678 ——ss

260 1739 331 1798 580.
357 1729 399 1807 [Α
414 1750 478 1796 rea
493 1735 589 1818 virpo
600 1735 739 1819 primae
753 1700 887 1798 matris.
916 1742 951 1798 ln
972 1742 1131 1816 Assump
1142 1744 1193 1800 tio
1203 1760 1249 1800 ne

174 1825 207 1883 Β.
231 1825 265 1882 v.
311 1824 510 1900 Thes.11.p.
537 1825 615 1909 rm]

594 1987 804 2001 ...au—na——up

259 2097 329 2156 581.
366 2086 541 2176 [Asfluens
573 2069 739 2156 deliciis*
777 2099 812 2156 In
842 2089 1130 2174 Assumptione
1151 2101 1186 2156 Β.
1212 2103 1249 2158 V.

174 2185 285 2240 Mene
308 2183 346 2240 ΙΙ.
371 2203 399 2256 p.
426 2183 510 2241 1575
538 2183 600 2250 (Hs.
628 2203 664 2239 zu
688 2185 715 2244 S.
739 2185 814 2242 Paul
837 2187 890 2244 Nc.
914 2187 963 2244 48.
991 2187 1037 2242 14.
1066 2185 1169 2244 Jahrh.
1194 2189 1252 2243 mit

175 2269 242 2326 dem
264 2269 412 2342 Beiliigen
436 2286 534 2343 „quae
558 2275 694 2326 cantatur
724 2275 757 2326 ut
786 2271 916 2328 mundi
945 2265 1190 2329 renovatio.“
1215 2273 1252 2328 P.

173 2355 296 2410 Neale
321 2354 388 2428 Seq.
410 2374 438 2428 p.
466 2353 532 2412 169.
557 2373 573 2411 e
595 2355 712 2412 Missnli
734 2356 955 2416 Ratisbonensi.
982 2353 1026 2423 R.]
1091 2441 1094 2444 Ι

198 2491 222 2548 1.
246 2491 381 2558 Affluens
406 2489 530 2559 deliciis,
733 2493 760 2551 3.
776 2492 834 2548 Per
857 2493 933 2549 coeli
953 2491 1067 2566 palatia

237 2576 331 2632 David
351 2575 443 2650 Regis
466 2577 535 2642 filiu,
772 2579 863 2652 Virgo
887 2579 994 2641 transit
1017 2578 1103 2644 ostie,

239 2663 347 2735 Spousi
369 2661 464 2719 fertur
486 2661 616 2718 brachiis
773 2665 856 2720 Intra
878 2663 969 2736 Regis
992 2663 1078 2729 atria,

238 2746 286 2802 Ad
309 2747 386 2804 coeli
409 2747 526 2804 sedilia:
773 2749 829 2805 Ubi
853 2753 1005 2822 sceptrum
1027 2764 1159 2814 aureum,

239 2832 277 2887 Et
292 2834 388 2890 emico
401 2837 552 2906 properat,
659 2884 660 2887 ,
775 2833 936 2900 Christum,
960 2850 994 2888 os
1016 2834 1188 2906 virgineum.

241 2919 390 2990 Sponsum
413 2935 472 2990 quo
495 2917 612 2974 abierat
777 2919 939 2976 Oseulutur
960 2917 1050 2974 hodie

241 3001 395 3069 Quaerens
417 3003 495 3058 iuter
516 3002 585 3060 lilia.
775 3004 814 3060 Ut
836 3005 876 3060 sit
897 3020 956 3076 pau
976 3003 1141 3062 Ecclesiae.-

196 3123 224 3179 2.
241 3119 337 3176 Hodie
361 3117 529 3176 cubiculum
561 3123 564 3128 '
715 3123 760 3196 ,4.
774 3121 838 3179 Vox
859 3122 1000 3186 Rachelis
1022 3123 1052 3178 in
1074 3121 1170 3178 Rama

239 3205 331 3278 Regis
355 3201 471 3262 Hesterx
487 3207 621 3280 suscipit,
773 3209 827 3264 llic
851 3207 987 3282 auditur:
1012 3206 1067 3264 sed
1090 3205 1220 3282 dragma

240 3289 351 3356 Sedere
373 3291 538 3364 perieulum
773 3291 838 3349 Tibi
862 3293 949 3349 dulce
972 3294 1096 3360 canitur,

239 3375 327 3444 Quod
348 3376 466 3432 hostilis
490 3378 581 3434 efficit
772 3378 828 3435 Ubi
850 3375 881 3434 te
903 3378 1093 3452 amplectitur

238 3462 334 3516 Amen
356 3463 471 3518 instans
493 3461 664 3518 fraudibus:
775 3458 920 3536 Sponsus,
945 3469 975 3519 et
998 3463 1160 3536 alloquitur

237 3543 363 3602 Peccati
381 3547 557 3604 rudentibus
621 3615 623 3618 Ι
776 3547 841 3616 Quo
863 3547 952 3605 beata
973 3549 1064 3604 fueris
1250 3621 1253 3630 Ι

237 3632 350 3688 Mundo
373 3638 499 3689 mortem
522 3633 649 3689 conficit.
747 3702 749 3710 y
773 3633 937 3708 Plusquam
960 3635 1074 3690 cunctis
1098 3635 1230 3706 superis.

401 3783 404 3788 ·
430 3752 458 3812 5.
481 3752 523 3811 Te
546 3753 722 3817 transmittit
745 3752 834 3810 hodie

480 3837 583 3894 Tellus
606 3837 682 3894 coeli
706 3841 815 3906 euriae,
877 3879 881 3884 «

480 3923 576 3979 David
598 3923 690 3997 Regis
714 3923 900 3990 Thecuitcm,

481 4008 818 4084 HelisaeeSunamitem,

478 4092 518 4150 Ut
540 4094 636 4167 fugati
657 4110 842 4160 revocemur,

478 4177 517 4234 Et
538 4167 681 4251 prostrati
703 4181 883 4236 suscitemur

480 4262 528 4318 Ad
550 4268 673 4322 aeterna
695 4264 815 4338 gaudie,

479 4349 536 4406 Ubi
559 4351 658 4408 estin
681 4351 785 4425 glorie.
