2822 5026
633 449 667 496 sl

3 539 5 574 l

3 575 5 618 ³
108 605 222 666 auimo
245 603 455 681 praedicari,
491 599 738 681 snpplenenns
770 615 901 683 quoque
931 619 968 666 se
990 605 1189 670 benevolum

2 695 5 804 J
108 707 282 786 praebuit3
307 707 490 769 comedent
512 705 585 766 dico
609 705 792 766 Caesareae
811 707 1037 770 Bibliothecae
1052 709 1190 772 Aullose

2 812 5 895 l
111 809 405 881 vindobonensis,
442 805 657 870 Antonium
681 807 853 882 Schmid,
889 811 984 870 cuius
1004 811 1190 888 benignita·

2 900 3 934 ³
111 918 181 974 tem
203 923 271 990 ege
295 911 379 972 satis
397 911 559 972 extoliere
581 923 712 988 nequeo
736 908 846 983 (Thes.
861 911 898 973 11.
913 927 943 987 p.
957 904 1053 984 385).
1079 915 1189 988 Quum

114 1016 203 1077 enlm
227 1031 247 1074 e
268 1013 377 1074 Monii
397 1013 483 1072 libro
498 1013 826 1088 Hyrnnum·-Lu1ieae
848 1027 937 1074 nunc
957 1015 1101 1090 primum
1122 1015 1191 1075 edi·

112 1123 183 1179 tum
205 1117 426 1192 recepissem,
462 1119 573 1174 textus
597 1115 697 1174 ninus
720 1115 899 1190 singularis
927 1117 1082 1177 carminis
1103 1117 1190 1178 adeo

112 1222 290 1295 corruptus
312 1217 398 1289 fecit
420 1219 457 1276 ut
479 1215 655 1278 lectionem
676 1215 801 1276 codicis
816 1215 1086 1280 vindobonensis
1108 1233 1190 1279 non·

112 1322 191 1382 dum
216 1319 330 1380 collati
353 1317 496 1378 adiicere
519 1319 668 1378 animum
688 1317 888 1380 inducerem.
933 1319 1040 1395 Quam
1060 1321 1103 1380 ot)
1117 1335 1189 1382 nem

112 1426 300 1500 spectatam
323 1419 483 1481 Schmidii
505 1419 747 1496 benignitatem
771 1421 952 1493 sollicitari,
975 1423 1028 1482 cui
1048 1423 1190 1486 lectores

112 1526 300 1600 scripturae
320 1522 517 1582 varietatem
539 1521 574 1582 in
597 1519 788 1598 Appendiee
811 1521 957 1583 oblatam
981 1523 1110 1585 debent.

80 1685 83 1696 ,
196 1625 350 1686 Medium
378 1623 466 1684 inter
487 1623 619 1684 codices
643 1627 677 1684 et
698 1623 801 1685 liores
824 1626 933 1685 lecum
958 1625 1085 1687 obtinet
1107 1640 1191 1704 opus

114 1729 201 1808 quod
225 1728 311 1788 mihi
325 1723 465 1786 Gedauo
486 1725 764 1788 ‘uansmisititeu
788 1726 1046 1803 Sehnaasius,
1068 1731 1126 1808 qui
1140 1730 1191 1792 rlr

116 1835 232 1892 cautus
257 1829 344 1890 sacri
365 1825 542 1888 moterlam
565 1827 726 1887 acerrimo
747 1829 859 1890 studio
875 1833 1102 1909 prosequitur:
1125 1833 1192 1892 Rc-
1246 1847 1251 1856 ·

114 1931 340 2010 sponsorio,
376 1945 475 2007 quse
509 1929 696 1990 annualia
728 1930 767 1988 in
799 1932 927 1990 veteri
950 1933 1123 1994 ecclesia
1146 1933 1192 1994 de

115 2037 321 2112 Tempore,
344 2029 478 2092 Festis
501 2035 540 2092 et
561 2029 721 2092 Sanctis
745 2033 900 2092 cantari
915 2031 1056 2095 solent.
1092 2035 1193 2096 Addi-

122 2137 164 2197 tis
185 2138 284 2198 etiam
315 2133 514 2212 quibusdam
544 2133 617 2193 aliis
652 2133 883 2194 communibus
917 2135 1054 2196 canticis
1088 2137 1136 2198 uti
1158 2137 1193 2199 la

117 2237 226 2300 iudice
250 2239 365 2299 omnia
394 2251 529 2298 cernere
558 2235 642 2296 licet.
685 2235 924 2312 Norimbergae
951 2237 1098 2300 MDLVI.
1131 2233 1194 2301 15⁰

1 2419 2 2428 ἵ
114 2341 166 2402 fel.
210 2343 250 2401 In
271 2341 352 2400 fine:
384 2339 622 2414 ilorirnbergse
645 2339 732 2414 apud
761 2337 949 2400 Gabrielem
979 2339 1074 2402 Heln.
1104 2344 1192 2404 ioan.
1298 2421 1302 2430 Ι
1363 2413 1366 2420 ,

114 2444 225 2503 Petrei
249 2455 419 2519 generum.
456 2440 554 2500 Anno
572 2433 663 2500 1557.
700 2440 739 2498 Ei
761 2441 844 2500 libro
867 2441 902 2500 in
919 2433 968 2500 ’68
989 2441 1077 2502 loliis
1096 2445 1193 2512 ¹ollar-

113 2545 221 2606 taeeis
236 2544 350 2604 addita
366 2547 445 2604 sunt
459 2543 590 2618 scriptis
607 2542 712 2602 literis
728 2542 794 2602 aliu
805 2544 1018 2618 responsoria
1033 2549 1066 2605 et
1074 2547 1194 2622 hymni

114 2657 191 2710 enm
226 2647 317 2706 notis
351 2645 496 2705 musicis.
540 2645 633 2704 Haec
666 2644 817 2704 collectio
851 2645 1057 2721 singularem
1080 2662 1194 2708 eurum

113 2749 218 2812 efficit
241 2765 290 2820 eo,
313 2747 401 2825 quod
424 2747 518 2806 multi
541 2750 659 2807 cantus
680 2761 741 2821 pro
761 2761 869 2806 novae
893 2747 1063 2808 doetrinae
1084 2750 1194 2810 indole
1295 2807 1302 2820 ,

113 2851 295 2922 retractati,
318 2849 375 2910 alii
390 2849 505 2908 insunt
520 2849 598 2907 novi
621 2866 641 2907 a
662 2848 771 2923 postis
795 2849 979 2910 lutheranis
1001 2851 1036 2912 in
1058 2851 1194 2910 modum

115 2953 303 3031 priscorum
325 2951 525 3026 hymnorum
548 2951 679 3010 conditi.
716 2950 800 3008 llum
823 2949 943 3012 librum
965 2952 1000 3012 in
1022 2951 1194 3014 Thesauro

114 3055 263 3119 breviter
283 3053 374 3112 Libri
395 3053 685 3128 Norimbergensls
707 3053 842 3112 nomine
865 3053 1081 3128 signavimus.

200 3155 292 3216 Inter
314 3159 428 3216 vetere
454 3155 624 3216 Brevierla
658 3155 767 3214 denuo
802 3155 920 3216 collata
954 3157 1037 3216 haec
1066 3157 1193 3218 indico:

115 3257 373 3320 Breviarium
388 3257 501 3316 iuxta
516 3257 636 3317 ritum
653 3261 694 3318 et
716 3255 893 3316 ordinem
916 3257 1045 3318 almae
1067 3259 1194 3318 eccle·

115 3361 202 3423 siae
225 3359 574 3432 Constantiensis,
604 3359 753 3418 studiose
784 3362 817 3417 et
844 3359 998 3436 pervigili
1027 3375 1106 3420 cure
1128 3361 1194 3422 ele-

112 3465 277 3524 boratum.
314 3462 352 3522 In
366 3461 432 3520 fine
447 3461 586 3538 legitur:
609 3460 816 3532 Psalterium
831 3461 965 3535 Hymni,
987 3461 1193 3532 Breviorium

114 3565 302 3626 Commune
325 3562 521 3624 Sanctorum
555 3563 647 3622 iuxta
681 3563 818 3620 chorum
850 3561 1011 3624 ecclesiae
1035 3565 1195 3626 constan-

114 3668 234 3728 tiensis
271 3664 528 3742 diligentissime
563 3664 793 3724 emendatum:
828 3663 959 3724 Erharti
992 3665 1112 3726 Badolt
1132 3667 1195 3728 viri

115 3770 249 3829 solertis
269 3769 356 3828 mira
379 3766 591 3842 imprimendi
605 3770 693 3826 erte:
718 3783 783 3842 qua
805 3781 911 3842 nuper
926 3766 1085 3839 venetiis,
1106 3781 1196 3828 nunc

114 3873 291 3948 Augustae
307 3869 555 3930 vindelicorum
579 3868 708 3928 excellit
722 3867 1018 3929 nominatissimus.
1054 3869 1195 3946 Explicit

113 3973 261 4034 feliciter.
299 3971 397 4032 Anno
421 3970 554 4032 Domini
575 3970 724 4030 MDXVI.
747 3999 789 4010 ·-—
812 3971 887 4030 Alia
909 3969 1085 4044 Breviaria
1109 3986 1194 4050 quae

117 4082 236 4136 nactus
268 4091 343 4136 sum
374 4073 492 4136 merito
523 4072 597 4145 viri,
632 4073 687 4149 qui
723 4074 818 4149 quasi
852 4073 936 4133 alter
968 4078 1062 4150 pater
1095 4075 1195 4136 huius

118 4179 230 4255 operis
252 4175 430 4238 moestus
453 4180 512 4246 est,
535 4189 603 4234 una
626 4186 701 4234 cum
724 4175 787 4234 hoe
809 4175 894 4236 inira
916 4177 1194 4239 memorabuntur.

115 4276 186 4340 Heu
208 4281 282 4338 loeo
306 4279 340 4338 id
363 4261 495 4338 tontum
516 4276 610 4348 addo,
632 4276 687 4334 his
708 4277 742 4336 in
759 4277 1004 4352 supplementis
1020 4295 1072 4336 me
1088 4281 1193 4336 atten—

115 4387 187 4442 tum
220 4381 327 4443 fuisse
361 4381 397 4440 in
418 4391 535 4439 eorum
558 4378 711 4438 ordinum
734 4381 993 4442 monasticorum
1016 4379 1192 4451 Brevioria
1309 4445 1313 4460 Ι
