2822 5026
765 435 840 535 so
885 557 887 560 ¹
993 552 997 561 ¹

620 632 676 700 De
697 633 854 704 Deotmo.
905 637 957 704 M.

316 785 379 840 lem
402 783 479 840 dene
501 799 555 864 nos
578 783 732 858 preceptio
813 783 831 852 5
856 783 901 840 Ob
916 781 983 852 hoc,
1006 783 1097 852 Deus,
1118 790 1148 840 te
1163 787 1325 859 poscimus,

315 871 407 944 Legis
431 872 568 925 sacratae
587 873 772 941 praemonet,
853 869 893 924 Ut
914 887 968 926 noe
991 869 1128 942 placatus
1152 859 1296 944 corriges,

315 955 355 1012 Ut
376 956 405 1010 in
428 953 559 1010 tenebris
584 953 695 1008 saeculi
855 953 977 1010 Offensa
997 961 1100 1011 nostre
1123 955 1229 1021 diluas,

315 1041 382 1096 Non
405 1039 564 1096 militemur
587 1039 707 1094 crimini.
779 1091 780 1094 ,
854 1037 990 1096 Adverse
1013 1057 1150 1115 quaeque
1174 1057 1289 1100 arceas.
1396 1058 1402 1062 ·

546 1145 697 1214 ‘Tu'esto'
716 1163 850 1213 nostrum
872 1149 1014 1232 gaudium
1063 1195 1072 1200 -
1159 1151 1162 1157 ’
1221 1175 1226 1184 ’

498 1244 536 1300 10
559 1239 616 1312 Qui
639 1260 671 1298 es
695 1241 825 1298 futurum
840 1245 1016 1317 praemium:

559 1327 604 1385 Sit
625 1333 729 1384 nostra
750 1331 780 1384 in
802 1334 833 1385 te
856 1331 951 1403 glorie

558 1413 617 1470 Per
640 1417 748 1470 cuneta
772 1427 890 1488 semper
913 1417 1042 1472 saecula.

688 1595 891 1606 ..ᾳ-Μ,-

600 1709 656 1778 De
683 1691 885 1782 Undecima.
924 1715 977 1781 M.

246 1898 249 1908 ,
317 1861 406 1918 Horis
427 1861 559 1935 peractis
583 1857 719 1914 undecim
791 1861 931 1918 5Lebor
954 1861 1075 1918 diurnus
1098 1862 1225 1930 transiit,
1404 1921 1405 1928 ,

316 1947 386 2002 Ruit
409 1945 472 2002 dies
495 1946 525 2001 in
546 1957 718 2018 vesperum:
832 1945 907 2016 Quo,
920 1945 1047 2014 Christe,
1059 1965 1114 2003 nos
1124 1946 1325 2004 conduxeras:
1400 1949 1405 2022 t

317 2032 473 2090 Solvemus
497 2047 600 2087 omnes
623 2029 755 2086 debitum
831 2033 877 2088 De
898 2033 957 2088 iem
981 2033 1093 2088 colonis
1116 2035 1221 2090 vineae
1311 2072 1314 2075 -
1403 2071 1405 2112 ς

316 2117 427 2174 Mentis
449 2117 597 2195 benignae
615 2118 772 2172 canticum.
831 2115 982 2174 Promissa
1005 2109 1082 2174 done
1105 2119 1228 2192 gloriae.

448 2228 450 2232 ’
559 2233 701 2292 Mercede
724 2255 844 2311 quoque
867 2237 997 2294 advoces

498 2321 535 2378 10
560 2318 642 2390 Quos
666 2321 704 2377 ad
726 2322 859 2378 laborem
880 2325 1017 2379 miseras:

559 2407 622 2463 Nos
644 2409 674 2462 in
695 2407 829 2478 laborem
851 2407 967 2475 adiuva,

560 2491 598 2550 Et
619 2497 690 2568 post
710 2491 844 2550 laborem
865 2501 976 2551 recrea.

585 2789 641 2861 De
662 2790 892 2861 Duodectmo.
931 2787 983 2860 M.

318 2940 473 3016 Quotquot
488 2937 567 2996 diem
580 2939 777 2996 determinant
812 2940 830 2997 5
852 2940 937 2996 lecet
959 2937 1022 2995 dies
1045 2941 1075 2996 in
1096 2957 1271 3014 vesperum:

317 3020 426 3093 Horae,
448 3025 531 3081 Dens
553 3026 694 3098 piissime,
853 3025 974 3081 Transit
996 3027 1144 3099 supernus
1157 3026 1291 3084 Lucifer:

303 3105 437 3168 ’Lsudes
459 3110 581 3166 honoris
604 3109 720 3166 debitas
854 3111 981 3185 Exurge,
1004 3116 1120 3168 mentes
1142 3113 1251 3170 innova

317 3197 475 3254 Persolvet
496 3197 554 3252 iste
577 3213 649 3270 grex
672 3195 732 3250 tibi.
852 3196 915 3251 Iam
937 3197 1062 3269 spiritali
1085 3199 1190 3272 gretia.

559 3313 702 3371 Discedet
726 3299 830 3370 umbra
853 3316 1018 3372 criminum:

498 3399 536 3458 10
558 3399 691 3456 Pelletur
713 3395 757 3455 ire
778 3399 966 3456 daemonum:

559 3485 662 3542 Cubile
685 3489 820 3542 nostrum
841 3487 938 3552 visite,
963 3482 971 3494 ‘

558 3569 632 3637 Tus,
655 3571 746 3648 Deus,
771 3569 915 3628 custodia.
1040 3565 1042 3568 ’
1106 3562 1113 3572 ’

607 3864 665 3935 Ac
691 3865 883 3984 Vesperoe.
924 3867 969 3935 B.

561 3998 737 4073 Vespertino
761 3999 816 4058 sub
839 4003 972 4072 tempore

560 4083 603 4142 Te
625 4086 798 4143 invocemus
820 4084 954 4152 Domine,

491 4235 494 4241 .
560 4169 679 4226 Nostris
701 4168 840 4243 precibus
862 4186 968 4238 annue,

560 4253 679 4312 Nostris
701 4256 835 4328 peccetis
857 4254 990 4330 ignosce.
1091 4315 1096 4324 ‚

695 4397 892 4410 ι--ᾐ-...κ
