2910 5022
707 431 836 503 2⁹4·

316 616 334 676 5
358 617 441 674 Haec
464 615 534 681 dum
557 615 725 688 conspicuis
749 619 814 670 orta
835 612 1010 688 parentibus

295 712 297 722 ’
359 703 440 759 Inter
463 701 595 768 delicias,
618 703 696 757 inter
719 695 861 757 amabiles
934 708 948 767 ,¹
1011 691 1014 696 ’

357 789 458 844 Luxus
481 787 647 853 illecebras,
672 785 781 842 ditibus
805 785 900 842 affluIt

451 873 580 929 Faustae
602 871 774 928 muneribus
797 870 912 927 domus.

358 1045 444 1101 Vitae
467 1042 636 1117 despiciens
660 1041 825 1110 commoda,
850 1041 971 1124 dedicat

299 1131 337 1188 10
360 1130 398 1186 Se
420 1147 520 1186 rerum
542 1130 676 1197 Domine,
695 1134 733 1184 et
754 1129 893 1198 munifica
914 1141 1005 1183 manu

359 1215 470 1271 Christi
491 1214 674 1288 pauperibus
697 1213 879 1274 distribuens
903 1230 977 1288 opes

452 1299 576 1379 QuaerIt
598 1301 731 1374 praemia
752 1299 905 1355 coelitum.

161 1511 163 1516 ’
206 1530 394 1598 sapphischen
411 1509 442 1582 u.¹
456 1528 613 1582 alcaischen
631 1528 762 1596 Hymnen
779 1544 844 1590 aus,
868 1544 904 1580 an
923 1528 1015 1580 denen
1032 1526 1098 1580 kein
1111 1497 1287 1594 vStaubchenx

122 1649 127 1656 ,
202 1601 311 1736 18ιὲηὲὲὲ
330 1589 405 1719 axilis
424 1599 488 1649 hort
510 1614 541 1650 es
561 1597 621 1651 sich
646 1601 716 1649 statt
734 1598 786 1650 der
805 1597 881 1702 alten
898 1595 1102 1648 barbarischen
1120 1593 1277 1662 Dorolcgie

320 1745 323 1754 ’
410 1751 490 1802 Unus
510 1755 553 1802 est
572 1751 667 1803 divum
685 1766 769 1804 sacer
789 1750 952 1818 imperator,

411 1819 543 1886 Triplicis
562 1819 678 1882 formae,
697 1819 770 1872 facie
791 1821 842 1870 sub
860 1835 924 1880 una,

411 1887 467 1952 Qui
484 1887 587 1954 polum,
606 1892 699 1942 terras
718 1888 899 1954 tumidosque
917 1887 1019 1940 fluctus

414 1957 566 2023 Temperet
585 1957 642 2010 alti.
807 1969 813 1973 ·

207 2059 272 2112 Und
301 2058 351 2111 aui
375 2059 436 2110 dies
455 2055 625 2112 Machwerk'
638 2059 749 2124 ¹-lronnte
777 2057 906 2111 Clemens
924 2057 986 2111 VII.
1005 2057 1095 2121 (emus
1114 2041 1282 2124 inprobato

208 2127 282 2179 libro
306 2123 430 2193 praelixa
453 2129 507 2192 est)
532 2128 597 2193 1523ι
621 2127 806 2180 rescribireu:
834 2156 868 2164 -
891 2155 925 2166 -
948 2130 980 2178 ut
1004 2125 1125 2192 quilibet
1150 2125 1284 2178 sacerdos

207 2196 322 2247 eosdem
340 2196 458 2260 hymnos
478 2194 562 2246 etiam
580 2193 610 2246 in
629 2195 731 2246 divinis
755 2196 851 2262 legere
877 2197 906 2246 ct
924 2193 964 2245 eis
983 2193 1025 2245 uti
1043 2193 1135 2260 possit
1153 2193 1283 2247 concedi·

207 2279 277 2314 mus.
305 2262 370 2324 Sed,
389 2267 421 2314 ut
440 2263 479 2314 ait
497 2262 608 2324 Memti,
627 2279 723 2315 nemo
742 2277 782 2315 ea
798 2263 970 2316 facultate
988 2275 1070 2314 usus
1089 2265 1149 2313 est.
1183 2261 1284 2328 ltaque

209 2331 321 2384 sacculo
341 2335 477 2396 sequente
493 2333 545 2382 sub
555 2330 670 2383 Urbano
681 2331 757 2383 VIII.
769 2335 864 2398 (quem
882 2335 999 2398 propter
1009 2344 1176 2398 graecarum
1188 2330 1284 2382 litera·

206 2415 268 2451 rum
279 2399 424 2451 scientiam
443 2415 537 2466 apem
556 2400 698 2452 atticam
713 2399 889 2466 appellarunt
899 2399 1043 2466 aequales)
1054 2399 1109 2452 alia
1118 2397 1285 2466 hymnorum

209 2471 329 2534 apparet
351 2467 439 2519 facies
458 2468 494 2519 ad
512 2469 615 2520 bonum
634 2483 791 2520 sermonem
818 2471 846 2518 et
864 2467 997 2520 metricas
1019 2466 1100 2534 leges
1122 2467 1283 2529 reformata,

167 2561 172 2568 ·
208 2551 289 2604 quae,
310 2551 372 2588 cum
391 2535 538 2588 sollicitius
558 2535 734 2589 Christianae
757 2535 893 2589 ecclesiae
912 2535 1056 2602 ingenium
1075 2542 1217 2588 servatum
1237 2535 1282 2598 sit,
1347 2539 1350 2546 '

206 2605 292 2672 longe
311 2603 503 2669 praestantior
521 2609 565 2657 est
582 2605 757 2657 Ferrariana.
782 2603 910 2656 Correcti
928 2603 1068 2671 hymnarii
1084 2603 1207 2656 indolem
1220 2604 1283 2671 ipse

209 2673 335 2725 ostendit
358 2671 489 2724 Urbanus
514 2673 543 2724 in
565 2673 655 2725 bulla:
682 2672 815 2724 Divinam
844 2673 1029 2741 psalmodiam
1051 2673 1092 2727 25.
1115 2671 1178 2724 Jan.
1203 2673 1282 2726 teet:

208 2741 313 2808 Hymni
332 2741 441 2807 (paucis
461 2741 612 2808 exceptis),
633 2741 682 2808 qui
697 2743 753 2793 noh
771 2744 870 2802 metro,
891 2741 942 2793 sed
961 2741 1052 2792 soluta
1071 2739 1213 2802 oratione,
1234 2744 1283 2793 aut

210 2810 294 2862 ctiam
313 2807 455 2876 Rhythmo
480 2814 622 2872 constant,
648 2809 692 2861 vel
711 2809 950 2862 emendatioribus
974 2807 1118 2860 codicibus
1137 2809 1282 2870 adhibitis,

211 2878 256 2930 vel
280 2877 374 2944 aitqua
396 2878 477 2948 facta¹
493 2877 647 2932 mutatione
675 2878 712 2929 ad
734 2877 865 2938 carm'mis
894 2881 923 2930 et
945 2876 1093 2929 latinitatis
1116 2876 1210 2998 leges,
1233 2877 1284 2929 ubi

209 2947 270 2998 fieri
289 2945 389 3012 potuit,
408 2947 534 3000 revocati
540 2963 546 3009 ;
564 2946 614 2998 ubi
631 2961 700 2998 vero
718 2961 774 3000 non
792 2946 948 3013 potuit‚·de
958 2945 1071 3012 integro
1091 2959 1143 2998 con
1164 2945 1196 2997 iti
1208 2950 1281 3008 sunt,

212 3015 333 3067 eadem
350 3017 479 3076 tamen,
500 3016 616 3082 quoad
633 3014 748 3077 licuit,
769 3017 912 3066 servata
931 3015 1117 3067 sententia.
1147 3013 1283 3066 Adsensit

209 3080 365 3148 Hymnario
385 3085 513 3136 correcto
533 3081 725 3151 Congregatio
744 3081 858 3135 Rituum
878 3083 917 3135 17.
936 3082 1018 3136 Mart.
1038 3083 1111 3137 1629.
1131 3077 1283 3136 Correctae

212 3155 277 3202 sunt
296 3150 421 3218 syllabae
440 3151 515 3202 ultra
532 3157 705 3220 nongentas,
730 3155 838 3204 mutata
855 3150 1030 3218 Hymnorum
1053 3143 1190 3217 principia
1207 3150 1283 3202 ultra

208 3219 334 3286 triginta.
374 3218 489 3280 Mousti:
526 3221 590 3281 „Ad
612 3219 739 3286 Hymnos
767 3219 959 3288 corrigendos
982 3219 1111 3272 adhibuit
1137 3219 1282 3286 praefatus

126 3331 133 3344 ,
209 3286 339 3340 Pontifex
360 3290 421 3340 tres
437 3286 606 3340 lectissImos
627 3287 777 3340 Societatis
795 3285 861 3340 Iesu
878 3287 969 3350 viros,
989 3285 1203 3355 acpolitiorum
1220 3287 1283 3340 lite·

210 3371 305 3407 rarum
323 3357 395 3408 bene
414 3356 530 3422 peritos,
550 3363 579 3408 et
597 3355 626 3408 hi
643 3356 757 3408 luerunt
774 3355 959 3408 Famianus
978 3354 1118 3417 strada,
1138 3355 1283 3424 Tarqui·

211 3424 289 3475 nius
308 3422 506 3486 Gallucius,
526 3428 554 3476 et
571 3423 799 3490 Hieronymus
818 3423 1041 3486 Petruccius;
1069 3438 1187 3490 quorum
1204 3425 1283 3477 labo·

212 3507 273 3544 rem
291 3493 386 3559 magni
405 3492 516 3545 omnino
534 3492 694 3544 faciendum
713 3505 785 3554 csse,
805 3492 928 3544 adstruit
946 3491 1120 3544 clarissimus
1139 3492 1283 3544 virThec·

210 3559 304 3628 philus
327 3559 500 3628 Raynaudus
523 3564 588 3612 tom.
614 3559 662 3611 XI.
685 3564 780 3627 punct.
804 3562 828 3614 2.
853 3577 880 3679 p
904 3561 944 3613 12.
979 3559 1059 3613 Hanc
1081 3559 1189 3613 Urbani
1207 3560 1283 3613 VIII.
1358 3619 1365 3628 ,

159 3630 171 3668 '-
212 3628 416 3681 correctIonem
449 3629 627 3681 commendat
653 3629 760 3695 pariter
784 3628 856 3681 Caro
867 3643 901 3679 us
921 3627 1049 3696 Guyetus
1072 3627 1118 3680 lib.
1137 3629 1160 3681 3.
1180 3645 1240 3698 cap.
1259 3632 1283 3682 5.

211 3699 320 3763 quaest.
339 3699 363 3752 2.
382 3702 411 3750 et
429 3697 541 3768 asserit,
561 3697 638 3762 quod
656 3697 704 3764 qui
722 3699 795 3750 hano
813 3695 1039 3753 emendationem
1057 3700 1203 3764 respuunt,
1223 3697 1283 3764 qui·

208 3767 375 3832 buscunque
394 3764 471 3816 ducti
489 3763 660 3827 rationibus,
686 3781 785 3832 parum
805 3781 835 3818 se
854 3764 993 3818 ecclesiae
1013 3766 1144 3822 decorem
1163 3765 1285 3834 diligere

207 3836 337 3900 probant.
372 3832 511 3886 Hearicus
529 3837 623 3885 tamen
641 3832 772 3886 Valesius
791 3833 958 3886 acerrimam
976 3849 1124 3886 censuram
1141 3834 1218 3887 ferre
1237 3849 1289 3886 au·-

209 3918 257 3954 sus
274 3901 329 3953 fuit
348 3907 446 3954 contra
464 3902 621 3967 praefatam
638 3900 814 3969 Hymnorum
833 3901 1067 3964 emendationem,
1087 3917 1193 3970 eosque
1211 3902 1284 3956 male

208 3969 393 4036 compositos,
415 3973 499 4036 atque
519 3970 655 4023 adversus
675 3983 848 4023 communem
871 3969 1012 4024 hominum
1031 3985 1156 4032 sensum,
1182 3972 1286 4038 depra·
1330 3987 1336 3994 ·

207 4042 292 4090 ratos
312 4037 467 4100 existimat3
487 4037 538 4091 sed
555 4038 672 4090 huiusce
689 4039 822 4092 Auctoris
842 4053 979 4091 censurae
997 4039 1080 4091 nimis
1099 4053 1217 4092 severae
1236 4055 1284 4092 au-

208 4121 269 4158 rem
289 4110 436 4172 praestare
459 4121 515 4158 non
534 4113 712 4172 possumus.“
733 4106 795 4174 Ego
814 4122 882 4159 vero
900 4101 990 4160 libere
1007 4107 1113 4169 fateor,
1133 4121 1177 4160 me
1196 4123 1284 4175 agno-

209 4189 289 4226 scere
308 4173 477 4227 recentioris
496 4177 590 4226 textus
609 4173 752 4238 virtutem,
772 4174 864 4243 magis
882 4179 978 4228 tamen
994 4175 1061 4228 mihi
1079 4174 1192 4244 placere
1211 4175 1282 4228 anti·

209 4242 320 4310 quiora.
361 4241 428 4309 ipso
454 4241 567 4295 Urbano
591 4247 730 4310 regnante
755 4249 783 4296 et
803 4249 904 4310 postea
921 4243 987 4296 novi
1013 4244 1109 4312 hymni
1135 4243 1282 4297 BreviarIo

180 4370 186 4382 .
209 4310 299 4362 additi
330 4314 407 4373 sunt,
436 4309 516 4362 novis
539 4325 675 4364 novorum
699 4310 867 4366 Sanctorum
889 4311 1026 4366 institutIs
1050 4313 1283 4368 sollenuItatibus.

207 4378 244 4432 Hi
262 4394 297 4433 ne
317 4377 524 4443 desiderentur,
543 4379 617 4433 infra
634 4379 739 4434 adiecti
757 4385 828 4433 sunt.
