2874 5020
242 635 271 692 -t
294 633 355 708 lpsi
385 633 475 689 etism
505 638 535 688 et
561 639 665 690 nostra
690 636 752 690 iam
781 645 859 690 nune
879 624 1019 690 intonent
1040 635 1301 708 praeconis'voce

428 732 544 776 sonors.

245 806 273 861 5.
297 804 384 860 Hunc
415 802 540 860 laudant
569 807 688 878 egnrina
712 821 798 861 sacra
822 805 999 874 Sanctorum
1028 804 1166 862 Omnium
1190 807 1220 861 in
1243 805 1303 861 tel-

426 890 491 946 lure
514 890 711 964 paradisiaca,

245 975 280 1032 0.·
296 975 333 1031 Et
360 980 483 1032 cantant
513 978 629 1032 cantica
650 993 744 1043 nova,
775 975 926 1034 Christum
953 977 1110 1034 Dominum
1131 975 1298 1043 laudantia,
1349 1022 1354 1031 .

426 1078 480 1135 per
503 1063 625 1118 saecula
648 1067 777 1120 aeterna.

244 1147 272 1204 7.
295 1143 369 1204 llluc
393 1154 560 1220 sequuntur
582 1149 702 1222 Aguum
724 1137 878 1220 praevium
901 1149 992 1215 Duce,
1017 1147 1183 1204 calcantem
1204 1147 1299 1204 flores

424 1249 479 1306 per
502 1235 636 1306 gramina
657 1233 792 1300 roscida;

243 1313 386 1376 uascolu
409 1317 483 1374 albis
506 1314 633 1391 fulgida,
656 1319 762 1392 palmis
786 1322 902 1386 ornata;
934 1324 1075 1398 sertaque
1103 1323 1224 1392 gestant
1248 1335 1299 1374 ca·

424 1402 535 1476 pitibus
558 1403 670 1460 laurea.
1061 1398 1066 1408 '

243 1488 271 1546 9.
293 1487 492 1562 'tempserunt
514 1503 641 1564 namque
662 1487 779 1547 lubrica
801 1488 890 1546 huius
914 1485 1014 1546 mundi
1030 1489 1186 1558 lenocinia,
1211 1508 1299 1564 sper-

426 1572 524 1629 nendo
554 1579 739 1648 proesentis,
771 1575 1010 1650 suspirandoque
1040 1591 1160 1650 semper
1182 1577 1318 1650 coelica·
1376 1581 1383 1594 ⁶

226 1659 271 1718 10.
296 1660 425 1734 Spiritus
449 1659 551 1726 Sancti
573 1663 682 1734 gratie:
713 1662 797 1718 euius
821 1661 1047 1724 clerarutilant
1070 1660 1162 1729 dona,
1186 1662 1299 1736 qulbus

426 1747 625 1818 sempiternae
647 1749 727 1804 vitae
751 1747 960 1822 consequimur
982 1763 1091 1822 magna
1112 1749 1254 1821 proemia.

133 1833 139 1871 ἒ
225 1833 272 1891 11.
293 1831 392 1904 Ipsius
416 1833 493 1886 enim
515 1832 618 1888 afflatu
640 1838 743 1889 nostra
764 1838 932 1907 purgantur
954 1833 1067 1900 intima,

226 1917 272 1973 12.
295 1915 448 1974 Mentibus
471 1933 592 1991 quoque
615 1919 751 1992 purgatis
775 1924 883 1974 cuncta
904 1917 1042 1974 delentur
1065 1919 1194 1977 crimina

223 2001 270 2060 13.
293 2001 368 2057 Huic
395 2002 498 2058 Deitas
528 2004 605 2080 iugis
635 2009 695 2070 est,
725 2021 792 2059 cum
818 2002 908 2065 Ratre
936 2021 1049 2060 summo
1080 2003 1209 2078 Natique
1240 2021 1299 2078 po-

425 2087 497 2142 tent'

225 2170 272 2229 14.
295 2171 373 2228 Arce
404 2104 533 2246 superlnaa
560 2191 615 2246 per
641 2159 775 2230 saecula:
809 2191 869 2250 qua
898 2169 987 2230 beata
1018 2173 1196 2230 Sanctorum
1225 2179 1301 2230 sunt

227 2342 272 2400 15.
296 2276 560 2399 Aeternialumnlllrli’s
584 2343 664 2400 claro
688 2343 1019 2418 splendoremicantia,

228 2426 274 2486 10.
297 2428 512 2503 Divinitstique
536 2443 669 2486 summae
692 2445 810 2504 semper
833 2429 1011 2486 assistentia.

226 2513 272 2572 17.
295 2513 359 2581 lllic
382 2519 487 2570 tenent
501 2513 608 2570 sedilia
623 2515 772 2572 distinctis
788 2515 939 2572 ordinibus
956 2514 1115 2588 dignanter
1129 2521 1300 2572 constrata:

426 2603 588 2674 nostraque
610 2605 750 2674 spectant
773 2602 935 2658 consortia:

226 2685 272 2742 18.
295 2683 329 2740 ln
350 2684 469 2741 lteitute
491 2685 586 2742 Unico
607 2685 783 2742 Trinitatem
806 2687 945 2744 Sanctam
968 2688 1129 2744 cernentis.
1151 2688 1182 2743 in
1197 2685 1301 2761 gloria
1411 2768 1416 2777 Ι

225 2855 271 2914 10.
296 2854 344 2911 Ad
377 2775 557 2930 qupgierpps
580 2853 660 2914 Deus
695 2859 883 2931 omnipotens
916 2863 986 2934 post
1012 2857 1117 2914 ultima
1149 2855 1303 2931 perducat

222 3023 271 3084 to.
295 2941 595 3113 Laetemdlniil‘per
619 3027 739 3084 saecula
762 3047 829 3084 cum
851 3027 976 3102 Angelis
995 3028 1091 3100 ipsius
1107 3025 1146 3084 ad
1161 3027 1300 3085 dextram

222 3112 273 3170 21.
295 3109 329 3166 ln
353 3127 413 3185 qua
428 3112 593 3184 gloriantur
609 3113 710 3170 Sancti
727 3132 838 3181 omnes,
863 3131 989 3187 quorum
1003 3112 1079 3168 haec
1096 3119 1165 3168 sunt
1179 3113 1302 3174 festiva.

224 3194 273 3254 22.
296 3195 392 3252 Amen
422 3202 531 3253 cuncta
562 3199 591 3254 in
624 3199 729 3255 iubilo'
751 3204 915 3273 personant
948 3198 1105 3272 redempta
1104 3283 1131 3338 Α
1157 3198 1300 3258 Alleluia.

1132 3302 1207 3342 men.

220 3369 224 3376 Ι
310 3403 357 3462 10.
379 3401 443 3458 Lib.
466 3405 573 3477 queis
597 3410 772 3472 aeterno,
796 3399 918 3468 Nealius
941 3404 1065 3463 mutauit
1085 3409 1299 3478 propter-me·

221 3493 309 3544 trum.
358 3486 404 3546 18.
427 3488 477 3543 N.:
509 3489 578 3546 Sine
605 3491 690 3547 dubio
716 3492 763 3547 oto
792 3509 893 3548 versos
909 3489 1099 3564 praecedent·
1120 3489 1299 3564 respondet:

221 3573 276 3630 sed
295 3573 406 3630 excidit
427 3575 546 3646 aliquid.

260 3893 263 3901 .
305 3846 379 3905 oto.
428 3835 498 3916 {oe
528 3834 721 3927 profundis
755 3837 1116 3905 enumerationes
1143 3833 1301 3904 ¹Christo

220 3926 370 3991 wirae
392 3939 496 3990 vom
517 3929 556 3990 itt
577 3925 722 3991 coeletis
739 3924 850 3989 ouria.
895 3932 928 3987 ln
949 3932 1005 3988 Die
1028 3931 1191 3989 Omnium
1213 3932 1302 3988 Aui-

222 4033 370 4075 marum.
414 4018 527 4075 Neale
551 4020 619 4094 Seq.
641 4039 670 4094 p.
696 4019 755 4078 100
778 4036 794 4074 e
817 4017 933 4075 Missali
956 4013 1117 4074 Leodieu'si
1142 4013 1243 4084 tort.)

246 4137 272 4193 1.
295 4137 339 4194 De
361 4137 517 4212 profundis
539 4139 741 4195 exclamantes
764 4136 842 4203 audi,
866 4137 995 4204 Christe,
1018 4141 1138 4193 nostrus
1153 4137 1296 4194 voces'in
1386 4126 1393 4140 ’

427 4223 551 4279 coelesti
574 4226 663 4281 curia.

242 4309 274 4368 2.
297 4307 355 4364 Pro
383 4309 534 4367 defunctis
563 4309 701 4366 fidelibus
729 4308 820 4383 adte
843 4309 953 4365 clamat
974 4323 1053 4364 nunc
1075 4305 1221 4374 omnibns,
1237 4311 1296 4374 te,

310 4473 315 4487 .
426 4395 554 4470 supplex
574 4395 726 4452 Ecclesia:
