2788 5024
609 401 677 492 m
748 390 751 412 i

111 622 164 663 sex
185 603 277 662 miliia
300 603 433 660 sexcenti
455 600 664 658 Thebaeorum
699 600 825 662 militum
856 602 906 674 qui
929 595 1106 684 unanimiter
1127 619 1184 678 pro

111 689 289 748 Christianis
298 705 407 762 preces
416 685 552 744 fundunt.
577 685 823 757 Ascendistis
846 689 881 743 in
903 692 1057 746 montem
1075 691 1184 750 iterum
1210 735 1212 738 .

111 779 231 850 spectet
239 773 278 832 ad
293 774 417 849 Alpium
429 775 514 849 iuga,
533 771 712 848 quibuscum
734 773 814 830 vitae
838 771 1019 834 christianae
1032 776 1182 850 asperitas
1277 765 1285 776 '

47 899 56 924 ,.
110 877 146 918 ac
169 861 286 918 culmen
301 859 438 919 iustitiae
461 859 622 916 confertur.
646 856 674 914 A
695 856 800 915 vobis
823 857 952 918 bened.

544 1055 747 1066 n—u-m

79 1227 87 1238 -
196 1202 268 1262 615.
295 1189 654 1274 [cortemmiaco
675 1191 768 1281 bunc
792 1191 963 1259 dieculam
977 1193 1181 1260 venerando

109 1277 268 1348 celebret.
311 1287 357 1352 De
379 1285 407 1342 S.
431 1285 668 1349 Emmeramo.
714 1285 804 1347 Thes.
825 1285 863 1342 II.
886 1303 914 1364 p.
937 1287 988 1348 23.
1017 1287 1107 1347 Mons
1130 1287 1180 1344 ΠΙ.

109 1393 139 1448 p.
163 1371 234 1432 289.
257 1371 320 1439 (Hs.
343 1389 380 1430 au
401 1370 554 1430 Miinchen
588 1371 660 1428 Cim.
686 1371 797 1440 14045.
838 1371 884 1432 12.
906 1371 1011 1430 Jahrh.
1048 1372 1180 1441 A..Glua

87 1507 89 1515 ,
113 1458 216 1518 14322
238 1463 326 1514 unter
349 1457 407 1514 den
430 1457 606 1532 Sequenzen
627 1458 758 1514 Notkers
784 1459 829 1516 11.
844 1458 948 1516 Jahrh.
971 1451 1026 1529 Β.)]

198 1595 222 1650 1.
246 1593 387 1651 Gaudcns
411 1594 541 1650 ecclesia
569 1593 646 1651 hauc
677 1593 824 1651 dieculam
852 1593 1022 1652 venerando
1047 1595 1180 1652 celebret

99 1684 201 1755 *atque
224 1684 313 1736 canat
336 1679 405 1736 altis
427 1679 562 1746 vocibus,

109 1767 111 1770 ’
194 1765 221 1823 2.
246 1765 312 1834 Qua
333 1765 440 1821 beatus
464 1765 565 1839 superi
586 1765 750 1838 promeruit
772 1780 865 1840 regna
886 1765 967 1840 regia
983 1765 1181 1824 lucidaEme·

108 1865 209 1906 ramus
231 1851 305 1906 flatu
329 1849 491 1918 scandere;

194 1935 229 2006 3„
245 1934 341 2004 Quem
363 1951 452 1991 carne
474 1939 570 1990 mater
591 1933 723 1992 Pictavis
747 1933 887 2010 gravida,
911 1937 1065 1996 civitatum
1088 1937 1180 2014 Aqui-

109 2021 207 2079 taniae
230 2019 402 2078 felicissime
424 2021 563 2089 omnium,
587 2021 672 2076 enixa
694 2025 741 2078 est
764 2020 881 2078 dulcem
903 2020 1005 2092 filium,

194 2105 223 2164 4.
247 2104 304 2174 Qui
326 2107 393 2179 ipso
415 2107 562 2179 pueritiae
585 2109 719 2180 tempore
741 2123 841 2163 rerum
865 2123 986 2183 quoque
997 2109 1181 2168 refutaverat

110 2193 327 2248 transeuntium
350 2189 467 2266 gaudia,
492 2190 665 2248 meditando
688 2193 747 2248 iam
770 2194 922 2263 coelestia.

150 2281 151 2290 ’
194 2277 221 2334 5.
244 2275 320 2332 Tum
343 2277 421 2332 stola
444 2275 557 2351 gloriae
580 2281 722 2351 teguntur
760 2277 838 2333 oolla
862 2280 1001 2352 speciosa
1027 2279 1112 2348 huic,
1149 2286 1180 2338 et

45 2371 47 2378 “
110 2366 200 2436 caput
224 2367 254 2421 et
277 2361 368 2418 corda
392 2363 534 2436 spiritalis
556 2365 657 2419 unctio
680 2381 747 2419 mox
769 2363 956 2438 impleverat;

194 2447 221 2507 6.
246 2446 341 2516 Quem
365 2449 426 2504 suis
450 2447 554 2506 ovibus
581 2452 734 2524 pastorem
770 2454 876 2522 pastor
912 2448 1104 2526 subrogarat,
1142 2469 1179 2508 ne

109 2537 297 2590 mansuetum
321 2532 398 2590 01110
422 2534 561 2590 circuiret
583 2533 690 2592 callide
712 2535 774 2608 lupi
796 2533 903 2594 rabies

195 2616 223 2678 7.
246 2619 329 2674 Tunc
351 2621 502 2683 instructo
523 2635 615 2694 grege
639 2621 796 2677 commisso
819 2621 946 2678 accinxit
967 2623 1013 2678 vir
1029 2637 1095 2680 sese
1119 2621 1180 2681 ala-

111 2705 201 2760 criter
223 2703 321 2761 studio
346 2695 490 2760 dilatandi
514 2707 626 2761 semina
647 2704 717 2761 fidei
740 2708 768 2762 in
793 2723 898 2781 campo
922 2707 1024 2775 sterili,

195 2791 222 2848 8.
247 2790 302 2846 Hic
325 2797 494 2864 peragrans
530 2790 598 2847 loca
633 2791 693 2848 iarn
728 2793 816 2865 plura
846 2797 877 2848 et
906 2792 1045 2866 linquens
1070 2793 1180 2870 ubique

110 2877 280 2932 memoriam
304 2892 428 2934 suavem
453 2875 649 2934 Ratisbonam
678 2883 802 2934 venerat
832 2877 870 2934 ad,
908 2876 1010 2935 sedem
1047 2881 1179 2954 regalem

110 2959 244 3027 Noricae.
1012 2965 1015 2973 '
1268 3029 1276 3040 ,

195 3046 223 3104 9.
248 3046 273 3103 0
297 3063 387 3121 quam
424 3063 498 3121 geps
528 3047 693 3116 fortunata,
713 3047 784 3111 ,1011
820 3053 890 3106 1000
913 3051 1072 3125 peregrino
1092 3051 1179 3108 ‘mini-

62 3195 67 3204 ,
111 3132 233 3188 strando
255 3137 363 3200 terrea,
388 3133 438 3206 qui
461 3137 491 3189 te
513 3138 655 3206 pasceret
675 3135 802 3207 spiritali
825 3135 925 3208 copia!

196 3233 244 3292 10.
266 3233 336 3307 lpse
358 3239 389 3289 te
412 3236 591 3292 confortavit
604 3237 671 3293 fuso
689 3253 794 3294 eruore
810 3255 864 3294 suo
881 3244 912 3294 et
923 3240 1040 3296 ornavit
1053 3238 1177 3305 tumulo,
1195 3263 1201 3272 f
1345 3226 1347 3234 ’

110 3335 187 3374 0000
211 3319 389 3392 amplecitur
411 3319 579 3376 adiuvando
603 3320 718 3388 seduloss

199 3421 244 3480 11.
267 3419 343 3475 Nam
366 3417 538 3476 adlectum
573 3421 655 3479 illius
678 3426 775 3481 'caeci
811 3426 921 3482 lumine
959 3426 1039 3482 claro
1077 3425 1178 3484 videre

112 3505 218 3574 solent,
236 3522 348 3582 ⁴vocem
370 3505 511 3562 hauriunt
534 3507 616 3564 surdi
638 3509 790 3584 liquidam,

199 3607 245 3668 12.
268 3607 419 3664 Restituto
443 3607 557 3666 debiles
573 3615 663 3668 orant
680 3629 816 3686 corpore,
841 3612 910 3670 salit
924 3618 959 3670 ut
974 3613 1179 3671 cervus-clau·

112 3693 177 3762 dus,
201 3693 412 3755 daemoniacus
435 3694 510 3753 liber
531 3695 643 3752 iubilet.

198 3797 245 3854 13.
266 3795 347 3853 Lana
372 3813 445 3871 crgo
467 3803 610 3871 personet
639 3798 683 3876 01)
722 3817 773 3856 ore
800 3815 931 3858 consono
954 3801 1119 3876 principum
1142 3817 1179 3858 ac

111 3884 242 3958 plebium
264 3901 319 3956 pro
343 3886 426 3938 tanto
448 3881 614 3941 medicinae
638 3884 756 3963 gaudio,
832 3893 834 3897 ’

198 3986 243 4044 14.
268 3983 434 4062 (iunctique
455 3987 569 4062 pariter
589 4005 746 4062 precemur
769 3987 927 4058 dominum,
951 3979 1179 4068 quatenuscon·

113 4069 219 4128 cedere
243 4069 382 4146 dignetur
404 4091 459 4128 nos
481 4073 572 4146 potiri
594 4075 716 4148 requie·
892 4145 895 4152 1
1077 4099 1081 4106 ·

63 4189 69 4200 .
181 4155 245 4212 15.
271 4155 345 4214 Cum
360 4157 546 4216 Emmeramo
569 4160 627 4216 iam
650 4160 726 4229 coeli
750 4159 821 4218 sede
844 4155 951 4219 locato.

195 4274 393 4333 Praeconium
416 4278 445 4335 S.
467 4277 655 4346 Emmerami,
680 4278 760 4354 quod
783 4285 832 4336 eat
857 4281 887 4336 in
908 4281 1180 4339 vetustissimarum

112 4362 337 4436 sequentiarum
370 4381 506 4432 numero,
537 4381 570 4439 a
589 4365 721 4422 Notkero
759 4366 927 4424 00010010οι
954 4383 1023 4424 ease
1059 4366 1179 4425 1111110110
