2848 5030
314 609 367 668 Sat
389 611 461 678 saio,
484 625 590 668 uorsus
611 614 643 666 ot
662 609 740 666 alios
762 611 841 666 inter
854 607 999 668 iambicos
1022 625 1114 686 saepe
1135 609 1298 686 deputatos
1348 589 1354 600 ’

227 712 295 753 esse
318 713 343 752 e.
368 714 413 771 μ

495 815 623 872 Sanctae
647 813 717 871 Sion
740 813 849 872 adsunt
872 817 1014 873 encaenia

492 901 700 975 Desponsatur
721 917 866 974 praesens
890 901 1019 960 ecclesia

228 1069 288 1128 Sed
309 1072 359 1128 isti
381 1069 530 1146 dactylico
552 1069 721 1146 proferendi
745 1078 823 1140 sunt,
846 1072 926 1130 huno
949 1072 1066 1130 scilieet
1086 1073 1117 1132 in
1139 1071 1276 1130 modum:

530 1187 645 1272 Rarpes
668 1191 764 1268 gldria
785 1190 852 1267 rigi
874 1191 992 1266 perpeti

531 1275 721 1333 Exercituum
743 1275 853 1334 Christi
869 1277 994 1352 principi
1018 1315 1020 1318 -

532 1359 614 1446 Patri
635 1360 749 1438 pariter
772 1362 803 1420 e't
825 1361 955 1437 Spiritui.

226 1479 289 1542 Nee
311 1482 408 1538 minus
431 1479 539 1538 salsum
562 1486 626 1550 est,
658 1481 689 1540 id
719 1480 801 1557 quod
823 1487 934 1552 tamens
945 1483 1036 1558 aliqui
1059 1479 1141 1540 docti
1163 1481 1297 1552 effantur,

225 1565 354 1640 hymnos
375 1565 481 1624 eodem
506 1572 601 1626 metro
631 1569 834 1642 conscriptos,
865 1585 925 1642 quo
956 1568 985 1624 S.
1008 1567 1141 1626 Thomae
1161 1567 1298 1626 Sacris

227 1651 424 1708 solemniis
446 1653 573 1712 iuncta
596 1654 670 1710 sint
691 1652 845 1727 gaudia,
867 1652 995 1710 iambico
1008 1655 1191 1727 compositos
1206 1653 1299 1714 luisse
1409 1675 1410 1706 t

226 1741 331 1794 metro.
374 1736 433 1794 Pro
453 1743 538 1796 certo
562 1737 683 1813 quidem
704 1737 812 1808 habeo,
836 1737 874 1798 de
895 1738 1076 1814 thoriambis
1105 1755 1201 1814 aeque
1232 1755 1318 1796 eum-

227 1823 422 1896 ignarissimis
446 1825 627 1898 cogitavisse
649 1828 785 1898 poetam3
816 1823 867 1881 ille
895 1823 1044 1898 dactylica
1066 1823 1209 1899 hymnum
1230 1841 1298 1898 pro·
1409 1853 1410 1916 ]

199 1969 207 1998 a
227 1907 421 1972 nuntiandum
445 1898 628 1977 decreverat
648 1908 731 1968 hune
753 1911 782 1968 in
805 1908 940 1966 modum:

471 2027 574 2086 Rdcho
598 2027 780 2087 coniitbilent
802 2029 900 2086 ‹imnia
914 2027 1052 2086 laddibus

471 2099 545 2196 iris
569 2115 704 2171 stelliferi
725 2115 811 2190 regia
832 2112 964 2191 gaideat
1076 2143 1101 2183 v,

469 2199 509 2258 Et
530 2197 630 2256 mundi
652 2200 757 2258 teretis
773 2199 934 2275 cdnorepet
957 2199 1053 2258 drbita

556 2285 600 2342 Sit
622 2303 678 2348 vox
699 2283 759 2344 iura
781 2286 958 2351 cantntium.

138 2504 146 2516 „
309 2439 348 2499 Ut
362 2439 404 2498 ad
413 2440 603 2517 propositum
625 2441 788 2508 veniamus,
813 2441 989 2517 sequentiae
1009 2457 1067 2496 non
1084 2441 1180 2497 solum
1194 2441 1297 2508 latino,
1404 2497 1407 2510 ,

227 2524 281 2584 sed
305 2528 395 2584 etiam
416 2525 577 2584 vernaculo
593 2525 755 2583 utebantur
770 2537 916 2584 sermone.
952 2525 989 2582 Id
1010 2526 1103 2583 fiebat
1123 2527 1153 2583 in
1176 2525 1298 2601 quibus-
1410 2573 1412 2598 ,

226 2611 295 2669 dam
315 2611 467 2688 parochiis
491 2611 638 2670 dioecesis
651 2612 830 2680 ‚Romanuin
853 2629 950 2692 usque
973 2610 1012 2668 ad
1033 2610 1163 2668 medium
1186 2611 1297 2669 saeculi
1410 2607 1411 2610 ’

226 2695 332 2755 decimi
355 2699 482 2772 septimi.
518 2697 663 2772 Exempla
676 2697 792 2772 aliquot
813 2713 1007 2772 apponemus.
1045 2697 1080 2753 In
1096 2697 1225 2754 eeclesia
1246 2697 1298 2752 Ai-

225 2783 376 2858 gherensi,
400 2785 527 2858 quaein
550 2779 687 2840 Sardinia
708 2785 940 2858 est,.sequentia
962 2799 1023 2858 qua
1045 2786 1075 2840 et
1089 2781 1189 2840 adhue
1211 2786 1298 2838 utun·

223 2871 324 2926 turin
346 2868 510 2927 Nativitate
531 2868 657 2936 Domini,
680 2871 724 2926 ita
743 2870 863 2942 incipit:
948 2891 951 2896 ¹

489 2987 535 3046 Un
556 2987 622 3062 Rey
643 2987 747 3045 vindra
769 2987 927 3063 perpetual

490 3073 588 3130 Vestit
604 3071 641 3130 de
653 3077 755 3130 nostra
771 3090 842 3130 earn
856 3073 976 3132 mortal:

490 3159 547 3216 Del
569 3159 615 3216 cel
636 3159 741 3218 vindra
762 3159 805 3216 tol
821 3163 986 3216 certament

489 3243 548 3301 Per
561 3245 615 3302 'ier
637 3243 685 3318 del
709 3245 792 3320 segle
814 3246 975 3320 ingement.
1012 3262 1015 3268 ·
1077 3269 1080 3276 ·

223 3380 258 3439 In
280 3379 386 3440 eadem
408 3379 594 3449 cathedrali,
616 3397 709 3456 prosa
730 3397 802 3438 vere
823 3381 984 3457 belligera,
1008 3397 1085 3439 anno
1111 3381 1192 3441 14¹2
1216 3398 1297 3438 com·
1410 3357 1412 3426 i

151 3516 153 3524 ,
222 3469 332 3544 posita,
356 3469 440 3527 ouius
463 3485 537 3526 usus
558 3469 616 3525 iam
639 3469 812 3542 antiquatos
836 3471 891 3535 est,
915 3469 957 3524 ita
978 3465 1176 3543 incipiebat:—

481 3581 617 3655 vMuiran‚
641 3587 755 3643 muiran
777 3587 823 3643 los
846 3585 1021 3656 Franoesus

464 3676 468 3688 ‘
489 3673 531 3731 lis
555 3671 705 3730 trahidors
728 3670 766 3730 de
789 3672 977 3742 Sassaresos‚

492 3757 549 3830 Qui
571 3757 631 3816 han
653 3759 687 3816 iit
708 3759 739 3816 la
760 3755 885 3816 trahioid

478 3835 528 3902 'Al
550 3843 625 3901 molt
647 3841 777 3930 alt‘Rey
800 3841 837 3900 de
860 3840 970 3920 Aragd.

220 3983 279 4040 Diu
301 3981 382 4058 apud
403 3979 553 4040 Bohemos
575 3981 605 4040 in
627 3999 685 4039 usu
706 3981 762 4038 fuit
785 3981 813 4038 S.
845 3977 1001 4038 Adalberti
1024 3979 1188 4050 canticum,
1211 3975 1299 4055 hym-

220 4085 277 4128 nus
299 4074 399 4126 tamen
421 4069 521 4142 potius
544 4085 634 4144 quam
657 4067 816 4142 sequentia

487 4202 662 4279 Hospodine
681 4204 872 4280 pomilugnp:

487 4289 559 4346 Isau
579 4289 691 4364 Kryste
711 4291 896 4364 pomilugny,

486 4371 549 4454 Tys
560 4393 662 4453 ·spase
682 4377 774 4433 wssie
796 4394 813 4432 ο
837 4375 911 4434 mira
932 4378 990 4434 etc.
