2728 5028
569 417 631 497 aa

174 601 192 659 5
216 600 320 658 Cultor
340 601 407 676 agri
429 601 547 664 Domini
569 599 695 658 tribulos
718 601 827 668 evellit,

213 690 245 742 et
266 687 373 761 vulpes
396 687 530 744 a-vineis
553 690 636 742 arcet
659 690 690 742 et
713 687 842 761 expellit.

130 871 131 874 Ἴ
212 805 277 862 Nee
300 807 330 860 in
352 802 448 878 agnos
471 807 600 862 sustinet
621 805 709 879 lupos
733 804 897 872 desaevire,

212 908 268 947 neo
290 893 320 946 in
343 891 464 948 hortum
486 891 599 947 olerum
621 893 739 948 vineam
761 892 897 947 transire.

103 1015 111 1032 '
212 1009 321 1066 Exulat
341 1011 387 1067 vir
410 1011 549 1084 optimus,
574 1026 660 1068 sacer
683 1015 713 1066 et
734 1011 868 1086 insignis,
887 1027 890 1033 ¹
949 1021 952 1028 ·

154 1095 189 1154 10
211 1113 249 1152 ne
272 1095 361 1152 cedat
384 1097 531 1153 ecelesiae
555 1095 685 1180 dignitas
707 1095 845 1171 indignis.

210 1215 365 1273 Exulantis
387 1213 511 1290 praedia
532 1214 646 1290 praeda
673 1221 745 1282 sunt
766 1215 903 1289 malignis
996 1267 998 1278 ,

212 1300 267 1358 sed
288 1303 319 1358 in
340 1303 410 1375 igne
428 1303 561 1376 positum
583 1319 642 1356 non
665 1303 760 1358 exurit
781 1302 868 1376 ignis.

212 1421 343 1477 Satanae
367 1421 514 1477 satellites
537 1422 736 1494 irrumpentes
759 1420 903 1494 templum

211 1505 378 1563 inauditum
399 1511 575 1580 perpetrant
598 1507 720 1562 sceleris
744 1507 919 1580 exemplum.

155 1625 190 1684 15
214 1627 331 1684 Strictis
354 1625 491 1683 Thomas
509 1625 629 1682 ensibus
652 1609 770 1708 pluviam
790 1625 936 1700 procedit,

213 1731 273 1770 non
294 1713 390 1781 minis,
413 1731 473 1768 non
486 1711 604 1787 gladiis,
629 1710 683 1768 sed
705 1729 760 1768 nec
783 1714 870 1768 morti
893 1711 980 1768 eedit.

215 1831 347 1890 Granum
370 1831 458 1900 eadit,
483 1820 600 1906 co'piam
622 1833 768 1906 germinat
789 1832 940 1898 frumenti3

214 1919 398 1974 alabastrum
419 1919 577 1992 frangitur:
601 1917 716 1992 fragrat
737 1919 782 1974 vis
804 1917 957 1992 unguenti.

213 2037 308 2094 Totus
331 2037 410 2094 orbis
431 2019 573 2112 Martyris
597 2042 694 2092 certat
714 2038 744 2092 in
766 2053 906 2106 amorem,

153 2123 192 2182 20
214 2125 298 2180 cuius
322 2125 408 2198 signa
431 2123 565 2198 singulos
588 2127 681 2196 agunt
702 2124 732 2178 in
756 2127 916 2196 stuporem.

214 2244 304 2318 Aqua
326 2243 458 2298 Thomae
482 2243 639 2318 quinquies
660 2243 778 2299 varians
802 2241 940 2298 colorem.

213 2330 243 2384 in
264 2329 313 2384 lae
336 2331 443 2403 quater
464 2331 600 2395 uertitur,
625 2329 718 2384 semel
740 2329 769 2382 in
793 2344 937 2384 eruorem.

214 2411 266 2503 Ad
285 2447 418 2504 Thomas
440 2450 611 2504 memoriam
633 2451 740 2521 quater
761 2447 811 2502 lux
833 2445 998 2514 deseendit,

215 2535 297 2590 etin
320 2535 415 2590 saneti
438 2535 563 2608 gloriam
586 2549 689 2589 cereos
712 2531 857 2588 accendit.

139 2653 193 2716 ,25
215 2653 261 2708 Tu
269 2671 324 2727 per
332 2653 464 2712 Thomae
474 2633 657 2728 sanguinem,
675 2670 763 2728 quem
778 2670 832 2726 pro
848 2658 878 2708 te
893 2651 1047 2726 impendit,

215 2739 262 2794 sac
277 2755 333 2807 me,
358 2739 485 2806 Christe,
502 2737 657 2805 scandere,
681 2755 740 2812 quo
756 2737 886 2794 Thomas
903 2736 1046 2794 aseendit.

244 3107 248 3112 1
330 3015 542 3086 Bernartius
565 3021 687 3086 doctor
710 3020 870 3107 inclytus.

322 3121 405 3174 Thes.
424 3120 444 3173 I.
461 3139 488 3188 p.
506 3122 565 3177 292.
599 3119 644 3174 De
668 3120 694 3174 S.
712 3119 885 3174 Bernardo.¹

150 3251 238 3308 Mone
261 3251 313 3308 111.
335 3271 363 3327 p.
387 3247 500 3311 2335e
523 3249 608 3308 codd.
633 3267 711 3308 saeo.
733 3251 809 3309 XIV.
833 3251 919 3309 Brev.
944 3250 1016 3308 cist.
1043 3249 1133 3309 1752.
1212 3289 1254 3346 3

502 3434 703 3442 ...w—m

141 3549 297 3637 Hymnus
320 3515 360 3616 S
383 3548 563 3616 sanarat
594 3551 637 3617 de
658 3547 698 3616 S.
732 3547 869 3657 Vielore
893 3547 1064 3634 Martyra
1142 3541 1144 3547 ⁴

192 3755 194 3758 .
269 3697 338 3752 Vita
359 3697 487 3754 Victoris
510 3697 622 3752 meritis
645 3695 801 3769 praeclara

269 3781 419 3841 hominem
441 3783 542 3848 terris,
567 3783 617 3856 qui
640 3799 698 3836 non
722 3783 760 3836 sit
783 3779 820 3835 de
843 3783 932 3846 terra,
1040 3823 1046 3833 ,

269 3867 352 3932 velut
375 3885 391 3924 e
415 3868 498 3924 caelo
521 3865 624 3923 datum
644 3869 853 3942 repraesentat

344 3987 346 3995 ν
422 3951 461 4010 ad
482 3949 664 4009 imitandum.
895 3947 897 3958 ⁴

227 4107 246 4166 5
271 4107 407 4165 Christus
429 4107 460 4163 in
481 4107 532 4184 illo
554 4108 627 4166 vixit
649 4111 680 4162 et
701 4123 760 4162 non
781 4107 856 4180 ipse,

273 4194 429 4268 speculum
450 4194 530 4251 ritae
553 4193 677 4250 mortuis
701 4190 737 4248 de
760 4189 879 4260 mundo,
979 4211 984 4216 -

245 4279 360 4352 ,homo
384 4279 523 4336 eoelestis
545 4277 684 4354 praebuit
707 4278 847 4353 seipsum,
952 4305 956 4312 ‚

426 4363 536 4422 similes
565 4381 722 4440 quaerens.

126 4455 242 4516 llaniel,
256 4463 323 4509 Thes.
332 4463 417 4522 *lirum
430 4464 466 4508 lv.
