2822 5026
112 675 117 683 .
219 631 575 709 psopter,Rhonov“1ense
607 634 810 704 tesmonium,
829 634 877 692 vel
899 634 1114 700 Alexandrinae
1139 637 1288 700 membra-

225 733 280 783 nae
303 719 520 786 auctoritatem,
543 735 599 776 nee
622 737 680 776 non
702 725 825 793 propter
848 721 987 780 metricas
1009 721 1093 798 leges
1108 721 1138 780 iu
1153 715 1310 796 plmimls‘

225 803 332 865 saltem
355 798 617 871 observassem
638 809 736 862 motus
758 805 918 879 piaeoipue
941 806 1007 862 loco
1030 808 1124 880 ipsius
1139 806 1288 867 Ambrosii

224 889 253 944 in
275 887 385 946 Psalm.
403 890 479 952 118.
503 888 524 944 Ι.
548 909 576 964 p.
598 889 678 950 1072
694 909 739 964 sq.
783 889 991 963 Proponantur
1013 894 1289 966 quae'gravissima

225 972 308 1030 suist:
353 974 444 1032 Dncet
480 982 507 1030 te
521 971 524 978 '
537 975 694 1050 propheta,
733 977 868 1048 qnonrodo
893 983 990 1036 teneas
1011 978 1159 1034 dominnm
1181 979 1286 1036 Jesnm.

223 1059 320 1116 Medic
341 1067 439 1128 nocte,
462 1062 571 1134 inquit,
594 1062 745 1140 carpebam
767 1069 819 1118 etc.
842 1089 885 1098 --
906 1089 949 1100 -·-
973 1071 1081 1138 tempns
1104 1071 1149 1120 est
1164 1082 1286 1138 poenae,

103 1171 105 1182 ·
170 1193 172 1202 ,
224 1144 300 1220 qnod
327 1161 366 1200 ecc
388 1147 510 1202 lectione
532 1146 628 1202 diuina
651 1165 806 1220 possamus
836 1147 956 1204 edoceri.
1002 1147 1064 1206 Non
1094 1151 1167 1206 enim
1197 1151 1288 1215 otiose
1361 1207 1362 1210 ,

139 1263 141 1275 ι
223 1229 360 1288 Dominus
373 1231 460 1294 ¹Ilens
489 1237 603 1298 noster,
633 1241 815 1306 compescet
842 1251 1009 1306 quocunqne
1031 1241 1168 1290 momento
1185 1236 1288 1309 primi·

194 1359 197 1378 ,
224 1317 282 1374 tica
310 1316 515 1390 Aepyptiocnm
551 1319 739 1390 celinquere,
777 1318 830 1374 dcc
865 1325 958 1388 tomen
998 1325 1108 1393 tempos
1137 1320 1229 1378 dolori
1252 1327 1289 1376 et

217 1392 313 1458 ductui
328 1403 492 1478 peccatoris
514 1404 702 1476 opportunius
724 1403 867 1460 indicenti.
915 1404 1059 1466 Sicemm
1079 1406 1287 1478 scriptumest,

223 1488 291 1558 qnia
312 1485 405 1542 medin
427 1494 509 1558 nocte
526 1489 720 1562 primopenitn
741 1489 946 1562 deqypttoram
976 1484 1059 1546 liberi
1087 1491 1122 1545 ab
1151 1493 1287 1549 extermi-

216 1579 324 1628 natore
345 1573 510 1646 interempti
531 1579 607 1628 sont.
631 1599 674 1609 —
694 1599 737 1609 -
759 1573 822 1630 Non
844 1577 935 1630 otiose
957 1575 1066 1630 Pondus
1088 1577 1235 1650 apostolus
1259 1582 1289 1632 et

225 1655 301 1714 Silas
324 1658 399 1714 trusi
421 1658 451 1712 in
472 1674 631 1724 carcerem,
662 1676 724 1714 enm
746 1660 776 1714 in
799 1676 887 1714 nereio
904 1659 996 1734 pedes
1018 1660 1180 1726 deberent,
1194 1661 1288 1721 medio

224 1748 317 1804 temen
332 1748 427 1804 ,nocte
456 1744 613 1816 carpebant
640 1745 742 1800 mentis
771 1746 891 1818 nestiqto
913 1771 956 1782 -
976 1746 1070 1804 sabito
1091 1745 1183 1803 medie
1205 1753 1288 1804 nocte

217 1835 321 1896 terrae
341 1833 434 1884 motus·
453 1829 552 1902 factae
582 1835 627 1884 cst
646 1828 767 1902 prandio
795 1831 837 1884 ita
859 1837 892 1886 at
913 1832 1034 1888 omninm
1055 1823 1170 1900 vinculo
1191 1833 1288 1890 soluto

222 1913 289 1968 sint.
337 1912 515 1986 Snrqendnm
545 1915 636 1986 ipitnr
657 1915 738 1970 nobis
768 1921 819 1970 est.
867 1914 947 1970 Solet
974 1933 1096 1990 sponsas
1125 1917 1218 1972 medin
1240 1935 1287 1976 ne·

223 1999 303 2053 nire:
339 2015 407 2054 cone
420 2015 471 2063 „ne
502 2005 529 2053 tc
559 1999 743 2054 dormientem
772 2001 915 2066 incendat,
945 2018 1014 2056 enoc
1036 2019 1071 2056 ne
1091 2002 1186 2073 facem
1210 2009 1287 2058 tunm

223 2099 279 2138 son
302 2085 390 2156 quens
412 2085 605 2140 somnolentos
621 2085 833 2140 accendere-
846 2111 889 2164 ἡ
903 2079 1023 2142 Minime
1038 2086 1159 2142 fortuito
1175 2085 1286 2142 iactum

223 2172 270 2224 est
292 2167 373 2242 quod
395 2166 568 2224 Ambrosius
592 2167 697 2224 eadem
720 2170 853 2242 exempla
875 2169 961 2226 affert
983 2175 1073 2255 atque
1097 2188 1214 2230 carmen
1236 2183 1286 2230 su-

222 2269 276 2326 pra
299 2253 449 2325 scriptum.
495 2252 641 2311 Utebatur
669 2255 698 2308 in
727 2255 860 2327 plurimis
890 2259 962 2328 typo
993 2255 1121 2330 quodem
1151 2257 1198 2312 vel
1228 2249 1286 2320 for'·

222 2337 301 2392 mula
324 2336 459 2405 docendi,
482 2355 572 2412 quam
594 2343 674 2394 amat
696 2355 843 2412 exponere
866 2345 896 2397 et
917 2341 947 2396 in
968 2339 1085 2414 hymnis
1109 2346 1140 2398 et
1158 2342 1285 2402 inlibris
1360 2379 1362 2384 ,

221 2423 291 2480 suis.
337 2423 372 2480 cf.
396 2441 425 2496 p.
450 2423 477 2479 ll.
543 2423 617 2478 Aliis
647 2425 744 2496 poetis
774 2423 849 2480 aliae
872 2423 987 2481 mediae
1023 2429 1129 2484 noctis
1151 2427 1286 2506 exemplo
1371 2433 1374 2440 ’

222 2511 351 2650 accept}
371 2513 448 2574 sunt,
471 2509 515 2564 uti
536 2507 749 2566 Benohoriensi
771 2507 877 2566 Petrus
901 2511 999 2584 angeli
1021 2513 1182 2568 ministerio
1206 2513 1285 2570 solu·

222 2598 279 2648 tus.
326 2651 330 2662 ,
352 2597 390 2650 ot.
418 2594 468 2652 12:
1060 2594 1068 2611 ”

546 2772 591 2839 ln
616 2773 732 2838 medio
758 2777 887 2866 nocie„
912 2771 962 2838 M.

211 2951 221 2956 -
288 2917 451 2992 Surgentes
475 2915 513 2972 ad
536 2923 575 2986 te,
598 2917 731 2984 Domine,
819 2919 897 2976 Grex
919 2924 988 2974 tuus
1012 2917 1063 2974 tibi
1087 2917 1205 2996 deditus

285 3002 378 3058 Atrae
401 2989 497 3058 noctis
521 3003 647 3074 silentio,
818 3002 905 3059 Nullo
928 3007 1042 3060 teratur
1065 3005 1193 3071 crimine,

285 3085 409 3160 vigiliis,
434 3085 594 3161 obsequiis,
818 3088 912 3156 Quem
927 3094 988 3156 tuo,
998 3089 1285 3164 Christe,Sanguine

284 3171 406 3228 Petrum
415 3189 575 3246 sequemur
588 3171 730 3230 ordinem:
755 3175 795 3232 20
819 3174 944 3230 Voluisti
965 3161 1118 3253 redimere.

243 3291 262 3350 5
285 3290 380 3360 Quem
402 3290 487 3346 nobis
511 3289 730 3366 dereliquerant
817 3293 896 3350 Oves
919 3297 1051 3350 errantes
1074 3293 1207 3368 provide,

248 3441 259 3462 .
283 3376 350 3432 Iure
373 3374 563 3443 hereditario,
816 3378 1030 3452 postombone,
1054 3381 1198 3452 piissime3
1228 3421 1230 3430 »
1311 3401 1331 3444 ¹,

283 3462 487 3520 Ministrantes
511 3462 650 3528 excubiis,
814 3463 861 3518 Ad
883 3465 980 3520 aulem
1004 3463 1186 3521 celsitudinis
1295 3489 1299 3494 ¹

285 3545 359 3614 Tibi,
384 3546 494 3602 Sancte
517 3546 673 3604 Paroclite.
817 3549 888 3604 Tuis
911 3556 1032 3623 reporta
1054 3549 1193 3605 humeris.
1287 3549 1295 3572 '

283 3667 351 3722 Pari
375 3671 548 3741 compatre
572 3669 725 3724 clarus'es
753 3669 792 3726 25
816 3667 995 3725 Tebeiactus
1019 3675 1049 3725 et
1072 3671 1190 3726 saueius
1235 3683 1239 3694 ’

223 3753 261 3811 10
284 3751 356 3808 Cum
394 3751 511 3808 Christo
550 3753 706 3810 subtilissi-
814 3753 967 3810 Abscedat
992 3753 1135 3828 Princeps
1164 3753 1284 3811 daemo-

264 3868 267 3875 ·
523 3855 597 3905 mus,
839 3827 845 3836 ¹
1055 3858 1133 3906 num,

214 3921 218 3928 '
282 3923 385 3990 Multis
407 3924 502 3981 modis
526 3925 646 3997 spiritus
815 3923 924 3980 Perdet
938 3923 1080 3998 praedam
1096 3924 1132 3980 de
1147 3926 1282 3982 faucibus

282 4007 319 4064 Et
341 4011 484 4084 mysticus
507 4009 686 4083 agnosceris.
814 4009 871 4065 Fur
892 4011 1086 4083 importunus,
1109 4009 1239 4067 rabidus.

266 4129 392 4204 'Fragili
416 4147 504 4186 carne
528 4129 694 4201 conspice*
815 4129 934 4186 Exultet
957 4129 1092 4188 Christus
1115 4131 1267 4198 Dominus,

185 4234 190 4239 ’
283 4213 365 4284 Quos
388 4215 437 4272 ille
461 4215 675 4289 antiquissimis
753 4213 793 4272 30
816 4213 930 4272 Psallet
951 4215 1060 4272 chorus
1084 4215 1260 4290 Angelicus:

154 4316 155 4324 ¹
223 4301 259 4359 ¹5
284 4300 350 4356 Suis
374 4300 494 4374 decepit
517 4299 628 4356 artibus
814 4299 933 4356 Laudes
956 4307 1062 4357 sonent
1083 4302 1114 4360 in
1136 4319 1262 4376 organo:

282 4385 353 4444 Tuis
376 4385 462 4444 trahe
486 4384 651 4446 virtutihus.
815 4384 873 4443 'ier
887 4390 1010 4444 sanctus
1031 4385 1131 4444 dicant
1141 4381 1279 4446 Domino.
