2732 5026
69 607 150 664 seiten
169 603 306 679 celires.
351 602 410 660 Der
430 601 563 676 Hymnus
589 619 643 660 zur
670 603 779 678 Vesper
806 605 847 660 ist
866 603 936 660 oter
958 605 1125 660 ests-ciuem

69 690 166 748 mam
185 689 276 746 Ls‘cdc
303 705 485 763 persomme,
515 706 549 744 cr
567 688 680 746 bertolt
700 689 825 744 ntmlicis
846 705 900 746 auc
922 689 979 746 des
1001 690 1020 744 5
1044 688 1126 746 Stro-

64 776 132 851 pten
154 775 210 844 Qut
225 793 379 849 pressura,
403 773 529 833 meotes
544 773 596 830 der
609 773 733 845 Refrcs'n
748 773 826 830 taus
847 773 939 830 honor
960 773 1128 848 anyettopt
1167 774 1170 782 ’

69 863 107 918 ist.
140 861 182 918 Es
196 877 259 916 mar
273 861 335 918 also
350 861 396 916 tei
410 859 509 916 diesen
534 861 688 933 Taqzeitco
703 856 908 934 ursprinplict
922 859 989 916 lein
1004 859 1126 932 hymnus

68 946 100 1001 od
129 964 266 1020 vesperas
306 944 488 1012 verbanden,
532 947 586 1002 scic
629 944 703 1001 aucit
739 944 842 1000 keincr
885 943 924 1002 ad
957 946 1125 1002 matutim.

66 1031 95 1089 R.
112 1032 180 1105 litet
199 1033 231 1088 in
253 1030 306 1086 der
333 1030 530 1102 Ueberschrift
558 1031 619 1087 bei:
656 1047 696 1086 ex
713 1029 867 1104 prophetis
894 1037 924 1086 ct
944 1047 1016 1086 noco
1039 1037 1148 1086 testo·-

66 1124 149 1173 νοντα
164 1115 358 1191 pcr'beotum
386 1115 526 1174 Urbanum
543 1132 651 1190 popum
674 1116 852 1189 compilatae.
890 1113 1011 1188 Dareus
1024 1115 1125 1190 solym

67 1201 136 1259 dicre
162 1202 268 1260 Verso:

214 1321 330 1394 Collipe,
353 1319 515 1388 servodei,
538 1321 639 1377 saltem
656 1339 715 1396 pro
731 1327 821 1394 porte
843 1319 901 1376 dici

200 1407 312 1480 probro
334 1405 529 1498 redemptoris·
543 1406 663 1478 fusique
684 1411 824 1461 memento
846 1405 969 1462 cruoris.

140 1541 279 1600 Carmine
301 1557 392 1616 supro
407 1543 528 1616 ¹scripta
550 1539 588 1597 de
609 1539 755 1598 Pessione
769 1540 885 1597 Domini
907 1538 1050 1614 adaptate
1071 1539 1125 1596 ho-

66 1643 154 1683 rarum
175 1627 385 1684 canonicarum
405 1643 529 1684 numero
551 1628 679 1682 recitata
702 1629 772 1682 sunt
794 1627 951 1700 opinor-in
966 1627 1063 1688 officio
1087 1624 1124 1683 de

66 1711 200 1769 Passieno
222 1713 348 1780 Domini,
372 1711 454 1788 quod
477 1717 508 1768 et
529 1713 646 1786 privata
668 1717 699 1767 et
720 1711 841 1786 publica
871 1703 1028 1768 devotione
1057 1729 1125 1786 per-

66 1799 219 1856 solvebant.
266 1796 363 1868 Qusm
384 1797 508 1856 obrem
536 1799 566 1854 in
588 1797 780 1854 vernaculum
810 1814 977 1854 sermonem
1004 1799 1124 1871 saepius

66 1883 201 1940 translate
217 1887 302 1950 sunt3
325 1883 460 1957 exemplo
484 1888 531 1940 est
553 1885 650 1940 versio
665 1883 790 1949 Batava,
814 1899 904 1957 quem
927 1885 1125 1939 communicat

64 1967 216 2026 lectoribus
238 1969 365 2025 Monius.
411 1969 564 2025 Remansit
587 1967 675 2024 officii
704 1986 777 2024 usus
807 1969 837 2023 in
860 1966 1031 2024 Cathedrali
1053 1968 1125 2024 Hal·

64 2051 242 2112 beretedensi
263 2069 360 2129 usqne
383 2053 421 2110 ad
443 2054 531 2110 huius
553 2055 648 2110 nostri
670 2053 782 2109 saeculi
810 2053 894 2108 initis
923 2051 1019 2117 (Brev.
1043 2053 1123 2109 Eccl.

65 2139 195 2196 Gathedr.
218 2139 493 2196 Helberstsdensis.
517 2137 720 2196 Hnlberstadii
744 2135 790 2194 ed.
814 2137 994 2204 Hennecke).
1040 2139 1125 2195 Cele-

63 2223 195 2282 brebatur
209 2231 318 2300 quster
339 2243 394 2298 per
409 2241 526 2294 annum,
541 2225 636 2300 primo
660 2223 707 2280 die
729 2223 809 2280 lovis
831 2225 942 2280 mensis
962 2222 1122 2294 Februarii,

64 2313 163 2370 mensis
183 2311 265 2379 Maii,
289 2312 400 2368 mensis
422 2311 562 2386 Augusti,
585 2311 696 2366 mensis
718 2307 895 2366 Novembris
911 2309 1034 2366 Festum
1048 2309 1123 2368 Pss-

64 2397 146 2454 sionis
160 2397 285 2454 Domini.
322 2395 371 2453 Ad
385 2395 532 2454 Tertiam:
555 2395 606 2452 Tu
629 2396 688 2470 qui
702 2395 856 2461 ¹velatus
879 2395 975 2454 facie
990 2397 1124 2454 iunctum

65 2483 210 2540 eumelio:
234 2483 331 2538 Hora
354 2484 413 2556 qui
436 2481 569 2538 ductus
585 2483 710 2537 tertia.
749 2479 797 2536 Ad
813 2481 945 2536 Seritam:
970 2481 1123 2538 Crucem

63 2585 121 2640 pro
142 2568 247 2642 nobis
275 2567 399 2625 subiit.
444 2566 493 2624 Ad
514 2567 642 2644 Nonum:
673 2567 791 2622 Beate
821 2566 960 2624 Christi
988 2569 1121 2642 passio.

64 2651 265 2712 ld'secundes
281 2653 445 2727 vesperos:
470 2653 536 2723 Qui
558 2653 711 2710 iacuisti
733 2657 906 2708 mortuus.
945 2651 993 2710 ³8.
1010 2658 1122 2728 petre,

63 2741 101 2795 uti
120 2741 149 2798 in
169 2739 298 2798 Hortulo
321 2740 436 2798 enimse
460 2745 493 2798 et
513 2738 627 2796 Cursus
657 2737 784 2794 collecti.
829 2737 880 2798 ⁴3.
904 2738 1099 2796 eoelestis.

319 2950 387 3033 Qut
405 2971 586 3038 pressura
607 2951 730 3018 mortis
753 2949 857 3018 duro.

375 3052 419 3107 De
437 3053 573 3107 Passieno
590 3053 627 3108 ad
644 3054 797 3121 Vesper-es.

118 3166 172 3238 Qui
192 3182 338 3242 pressure
359 3167 463 3226 mortis
486 3165 562 3224 dure
651 3167 781 3224 Nostrae
804 3166 887 3242 genti
908 3165 1052 3226 recolenti
1167 3219 1171 3230 .

137 3255 253 3312 solvisti
274 3269 367 3310 nexus
390 3255 552 3322 criminum,
591 3253 630 3312 10
673 3259 743 3310 tuse
766 3255 870 3312 mortis
892 3254 1073 3328 supplicium

119 3355 170 3396 nos
185 3338 226 3396 sd
240 3355 347 3414 pacem
362 3338 420 3396 duc
438 3355 585 3400 veracem.
652 3339 692 3395 dn
712 3340 854 3396 virtutem
876 3343 908 3396 et
930 3341 1066 3408 salntem,

138 3423 224 3482 lesu*
266 3441 414 3484 ,corona
471 3426 591 3502 virgi·
677 3425 839 3482 Christe
894 3423 1124 3500 redemptor

409 3529 501 3568 num.
894 3512 1066 3568 omnium.

80 3641 150 3702 5111
169 3646 299 3722 flagellis
321 3653 426 3723 potum
447 3647 525 3705 sellis
652 3645 686 3703 In
708 3661 809 3702 amara
832 3647 928 3703 crucis
951 3663 1004 3704 aro

69 3767 72 3771 -
138 3731 237 3790 bibisti
260 3733 442 3792 amarissime
673 3731 776 3789 fudisti
798 3731 879 3790 rivos
902 3733 1064 3808 sanguinis,

118 3821 331 3892 propeccatis
355 3821 544 3894 perpetratis,
593 3819 629 3877 15
652 3817 722 3875 Iesu
745 3815 843 3893 digne,
866 3835 918 3875 rex
938 3817 1077 3894 benigne,
1111 3841 1114 3848 ¹

140 3908 288 3962 aeterne
310 3921 371 3962 rer
394 3905 583 3964 altissime.
672 3919 824 3961 consors
853 3909 997 3980 paterni
1021 3907 1122 3965 lurni-

194 4012 197 4018 ·
942 4009 1012 4050 nrs.

357 4111 485 4187 Sanguis
509 4111 628 4180 Christi,
652 4118 703 4186 qui
724 4117 809 4174 luisti

277 4205 281 4216 '
376 4202 549 4272 peremptor
569 4198 666 4254 hostis
687 4201 788 4270 invidi,

310 4297 313 4302 ·
356 4282 404 4339 isc
428 4283 509 4340 sitire
532 4289 563 4340 et
584 4283 685 4346 venire

280 4365 322 4427 2⁰
379 4365 424 4425 nd
446 4386 592 4428 coenem
614 4373 699 4447 agni
720 4369 870 4450 providi.
