2848 5030
325 584 442 640 Titulus
463 582 518 642 Eis
539 589 637 645 turma
659 582 699 644 ad
720 560 858 660 quartam
874 585 1002 644 classem
1017 576 1156 659 pertinet.
1192 583 1301 644 Poetae

238 675 367 726 mentem
390 670 470 726 subit
492 669 601 726 chorus
624 670 778 745 angelicus
800 676 921 730 noctem
949 671 1112 730 nativitatis
1142 670 1302 739 celebrans,
1390 693 1391 696 ¹

236 757 326 897 piqne
348 757 513 830 praemittit
533 771 640 813 vocem
656 757 711 814 eia
738 757 863 814 maxime
893 757 1055 814 solemnem
1071 755 1203 814 laetitiae
1218 756 1302 814 huius

116 895 117 902 ,
248 841 313 900 esti.

322 1012 349 1070 3.
375 998 506 1083 [Nalm
527 1006 611 1070 anie
632 1003 788 1070 caecula.
832 1013 867 1070 In
888 1012 1160 1094 DiesSanctissimo
1184 1010 1299 1068 Natalis
1391 1045 1392 1062 2

236 1098 353 1155 Domini
373 1097 476 1252 Nlostri
497 1095 567 1154 Iesu
583 1096 692 1154 Christi
716 1097 754 1154 ad
776 1098 926 1173 publicam
947 1097 1072 1156 Missam
1092 1098 1121 1154 b.
1144 1097 1303 1154 Notkeri
1391 1085 1392 1092 ¹

237 1182 393 1241 Balbuli:
1391 1181 1392 1186 ’

322 1265 410 1326 Thes.
433 1265 520 1342 II..p.
536 1267 564 1324 5.
608 1267 663 1324 Est
684 1269 714 1324 in
737 1268 965 1344 Sequentiarum
987 1287 1120 1337 numero,
1144 1284 1223 1344 quae
1237 1233 1305 1324 hot

236 1354 299 1411 lueri
322 1369 391 1410 essc
412 1351 558 1412 uidentur.
595 1352 684 1423 Quod
699 1352 736 1410 ad
758 1355 886 1424 titulum,
910 1373 1000 1430 supra
1022 1356 1166 1429 proposui
1190 1358 1304 1412 senten·
1392 1409 1393 1438 ¹

236 1441 316 1507 tiam,
339 1439 431 1494 fuisse
464 1441 647 1514 sequentiae·
673 1457 793 1496 nomen:
831 1441 919 1498 Dies
957 1441 1227 1500 sanctificatus.
1270 1437 1305 1494 Et
1392 1453 1393 1526 p

237 1541 307 1581 sane
338 1523 529 1582 confirmatur
558 1527 656 1599 opinio
693 1526 751 1582 alia
788 1527 950 1602 Sequentia
979 1528 1009 1583 in
1040 1527 1068 1584 S.
1101 1525 1176 1584 Galli
1215 1523 1305 1580 hono·
1392 1535 1393 1612 q

233 1627 299 1670 rem
322 1611 502 1684 composita:
527 1609 676 1668 Christe
700 1601 841 1670 sanctis
864 1613 974 1669 unica
997 1629 1090 1686 spes.
1134 1609 1212 1666 Huic
1236 1619 1305 1684 quo·
1392 1615 1393 1678 i

237 1713 296 1772 que
318 1694 500 1752 inscribitur:
524 1695 616 1756 Dies
639 1699 904 1757 sanctificatus
928 1697 1028 1764 (Monc
1050 1695 1100 1753 111.
1123 1692 1251 1772 paam)
1280 1697 1307 1749 et

237 1781 354 1838 omnino
379 1797 446 1838 cnm
469 1798 560 1856 supra
582 1783 693 1856 scripta
715 1781 753 1839 ad
775 1783 898 1841 verbum
922 1781 1093 1840 concordat.

321 1863 436 1923 Audias
458 1866 594 1926 Nealium
617 1865 654 1924 de
677 1867 847 1944 rhythmica
869 1870 1049 1944 sequentiae
1078 1863 1177 1924 indole
1210 1863 1307 1940 dispu-

236 1956 348 2011 tantem
369 1969 398 2028 p.
424 1953 470 2011 12.

320 2139 348 2198 4.
376 2127 491 2212 [Hanc
513 2131 679 2218 concordi
697 2129 885 2216 famulatu.
900 2167 940 2184 -
963 2139 1007 2198 De
1024 2141 1053 2200 s.
1068 2139 1224 2216 stephano
1238 2137 1306 2194 Pro·

235 2231 399 2300 tomartyre
424 2224 534 2282 Christi
558 2225 722 2300 Sequentia
742 2225 776 2282 B.
792 2220 944 2282 Notkeri
967 2225 1062 2284 tituli:
1085 2215 1305 2294 Concordia]
1328 2249 1331 2262 ·

194 2335 199 2346 ·
320 2311 410 2368 Thes.
432 2309 468 2368 II.
491 2330 521 2384 p.
539 2309 567 2370 6.
592 2311 661 2370 383.
705 2311 822 2368 Titulus
846 2311 970 2370 secundi
992 2311 1104 2371 ordinis
1128 2314 1250 2386 spectat
1271 2307 1307 2364 ad

235 2393 360 2474 primam
377 2397 558 2472 Sequentiae
581 2391 750 2470 stropham:
774 2395 817 2452 Ex
836 2399 911 2454 voc‘e
929 2397 1107 2478 ‘concordi
1129 2397 1307 2453 famulatu
1344 2405 1347 2416 ⁸
1394 2435 1395 2472 3

235 2487 306 2540 nata
329 2487 376 2540 est
397 2481 550 2555 inscriptio
575 2480 785 2538 Concordia.
1393 2491 1395 2506 ¹

318 2567 384 2626 Una
406 2584 440 2624 ex
463 2567 634 2647 Sequentiis
656 2567 788 2624 Notkeri.
831 2566 921 2626 Mone
936 2567 988 2626 III.
1011 2587 1041 2644 p.
1059 2567 1129 2628 509.
1157 2565 1205 2626 10.
1230 2565 1307 2622 dex·

235 2658 357 2710 teram.

673 2731 875 2742 -σιιυ--ι--υ--μ-

112 2911 122 2924 ,
319 2859 348 2918 5.
375 2845 497 2930 [Festa
519 2844 694 2935 Stephani
714 2846 1004 2935 Protomartysto.
1028 2883 1068 2898 -·-
1089 2856 1156 2918 alia
1178 2857 1305 2932 pulchra

235 2941 324 3001 valde
355 2944 518 3017 Sequentia
547 2944 623 3000 infra
654 2943 799 3002 Octavam
830 2944 879 3000 vel
907 2945 938 3000 in
961 2943 1078 3002 Octava
1107 2945 1137 3001 S.
1152 2942 1306 3017 'Stephani
1395 2979 1396 2986 .

235 3029 359 3088 Levitae
381 3028 612 3102 Protomartyris
636 3021 870 3098 Christi,etiam
891 3029 925 3085 B.
949 3027 1099 3086 Notkeri
1121 3029 1252 3096 Balbuli‚
1274 3028 1307 3082 ti·
1395 3003 1396 3060 3

236 3113 302 3171 tuli:
326 3113 450 3170 Iustus
475 3118 512 3170 ut
533 3113 664 3187 palma,
687 3107 821 3184 minor]

321 3200 484 3274 Sequentia
526 3200 557 3255 in
599 3199 741 3256 Ioannem
776 3201 944 3274 Baptistam
988 3198 1101 3266 (Sancti
1142 3193 1306 3274 Baptistae)

235 3285 273 3342 ab
294 3285 428 3342 Notkero
458 3285 577 3358 accepit
598 3285 730 3342 titulum:
774 3285 898 3342 Iustus
928 3291 966 3342 ut
995 3287 1113 3360 palma
1142 3284 1303 3342 florebit.

236 3371 286 3430 Sic
309 3370 499 3428 offertorium
517 3370 634 3429 Missae
655 3371 745 3428 huius
768 3372 870 3428 Sancti
892 3372 1010 3444 incipit,
1034 3377 1064 3428 et
1087 3373 1153 3445 ipse
1176 3371 1221 3428 sio
1242 3369 1305 3426 bre·

204 3455 207 3462 “
235 3455 357 3514 sissimo
385 3454 476 3538 modo
506 3455 673 3514 denotatur.
719 3457 803 3512 Hanc
835 3459 1022 3530 sequentiam
1049 3457 1188 3531 sequitur
1218 3467 1306 3528 supra

222 3544 357 3618 scripta.
1087 3575 1090 3582 ‚

673 3635 874 3646 *-

1124 3837 1199 3903 det.
1244 3843 1307 3900 Alia

250 3763 255 3772 '
323 3767 351 3824 6.
378 3753 633 3846 [Protomartyr
648 3753 790 3822 Domini
804 3716 997 3840 Stephane,
1019 3756 1087 3820 nos
1095 3751 1192 3920 pius
1214 3739 1306 3834 nudi,

238 3841 384 3909 colimus
409 3837 507 3925 festa
537 3843 606 3906 tua,
625 3841 767 3905 sincero
798 3839 857 3926 qui
878 3841 1021 3926 pectore
1044 3840 1078 3910 et

236 3936 315 3992 bona
339 3937 367 3993 S.
389 3935 417 3990 b.
440 3934 590 3990 Notkeri
614 3933 651 3990 de
676 3935 704 3990 S.
724 3929 913 4008 Stephano
928 3931 1061 3988 Diacono
1076 3929 1211 4004 Martyre
1228 3929 1306 3987 Chri-

235 4023 277 4078 sn
298 4034 353 4094 per
376 4025 513 4077 octavam
536 4021 608 4086 eius,
633 4019 726 4075 tiberii:
751 4017 919 4092 Yppodia
941 4012 1106 4088 komica]
1209 4054 1212 4062 .

290 4125 293 4132 ’
321 4105 411 4162 'lituii
425 4123 482 4161 vor
499 4111 640 4178 corrupta
655 4110 709 4162 est.
732 4103 908 4180 Lugendum
923 4101 1224 4177 Hyodiaconissa.
1246 4101 1305 4156 lem

236 4193 283 4247 Du
297 4191 401 4265 bauga
425 4208 447 4246 s.
464 4207 491 4245 v.
516 4190 681 4265 frigdore
702 4191 946 4246 commemorarit
960 4189 1103 4262 hymnum
1119 4189 1148 4246 S.
1166 4183 1305 4260 Stephani

235 4277 396 4353 'signatum
417 4280 506 4332 rocci
552 4274 883 4350 Hypodiaconissa;
906 4280 1065 4349 praetcrea
1085 4273 1218 4330 riensi.
1240 4268 1306 4330 209·

243 4363 426 4440 Sequentiae
448 4361 598 4434 paschali:
630 4361 723 4418 Ecce
745 4361 897 4419 vocibus
921 4361 1078 4418 carmina
1100 4361 1129 4418 iu
1153 4357 1218 4416 eod.
1238 4358 1307 4414 San*
