2788 5024
592 443 655 520 81
725 519 733 531 ,

38 615 45 624 ’
101 637 126 692 1.
140 633 229 690 Salve
250 637 338 706 pater
359 595 538 706 Augustino,
618 673 632 690 ,
673 623 721 680 Tu
743 622 836 680 decus
858 623 1078 698 theologorum,

139 735 192 776 vas
216 718 354 796 electum,
377 733 430 774 vas
454 714 571 773 divinae
675 716 709 766 tu
730 706 831 766 mundi
853 707 1099 783 philosophorum

183 803 478 878 supersapientem
539 829 542 835 ·
717 811 843 868 superas
866 795 1028 851 scientiam.

141 907 194 947 vas
217 889 346 945 infusum
369 903 449 985 vena.
467 887 571 982 vitae,⁸
637 913 760 972 mm·c
783 913 813 969 in
835 929 908 984 amq
927 915 1046 989 fulgens
1069 915 1131 988 poli

142 991 195 1032 vas
217 971 400 1049 profundens
422 989 523 1029 vinum
544 974 633 1034 vitae,
677 1002 759 1073 pete,
781 1004 877 1072 pater,
899 1005 969 1056 tuae
991 1001 1068 1074 proli

184 1077 238 1117 vas
261 1059 402 1116 coelestis
424 1058 547 1131 gratiae.
719 1085 835 1158 gratiae
859 1084 1038 1160 subsidium

101 1178 231 1240 asuve
261 1178 311 1234 lux
334 1183 365 1234 et
387 1177 446 1233 dux
468 1177 632 1240 doctorum,
677 1174 710 1224 tu
731 1170 762 1224 iu
783 1169 942 1242 polo,'nos
964 1173 994 1228 in
1018 1172 1082 1228 solo

143 1264 270 1320 malleus
292 1263 513 1320 haereticorum
675 1255 723 1312 fac
746 1271 785 1310 ne
807 1254 878 1312 belli
900 1259 930 1314 vi
952 1259 1001 1314 vel
1023 1256 1092 1312 dolo

187 1354 346 1418 conterens
369 1347 540 1422 perfidiam
638 1403 640 1408 ,
721 1340 950 1412 supplantemur
971 1344 1110 1400 hostium.

368 1593 376 1609 ‘
425 1595 442 1628 Ι

187 1673 258 1732 599.
283 1661 572 1740 [Praecursorem
595 1665 834 1750 summ-tropis.
857 1668 1169 1727 InDecollatione

102 1757 222 1814 Ioannis
246 1758 334 1832 Bapt.
378 1759 467 1815 Thes.
497 1757 533 1816 Π.
556 1778 584 1832 p.
607 1760 657 1818 84.
686 1761 809 1818 Neale
833 1757 901 1832 Seq.
924 1775 952 1830 p.
978 1755 1036 1812 173
1060 1773 1076 1810 e
1100 1754 1170 1810 Mis-

25 1881 28 1888 ·
103 1843 159 1899 sali
179 1842 392 1916 andegavensi
418 1843 506 1901 1523.
550 1845 626 1902 Item
649 1847 836 1920 sequentiam
850 1841 957 1900 Adami
972 1837 1170 1912 deprehendit

103 1920 193 1984 Mona
215 1930 246 1983 iu
268 1927 371 1984 codice
395 1929 472 1984 arcis
495 1927 752 1988 Pommersselden
775 1946 853 1986 saec.
878 1927 952 1982 XIV.
984 1925 1044 1991 (Ill.
1068 1943 1096 1997 p.
1119 1921 1169 1987 55)

105 2011 160 2068 sed
181 2029 340 2086 perperam
362 2013 449 2086 legit:
488 2012 782 2072 Praecursorem
805 2031 910 2070 suum
932 2012 1050 2084 regis,
1089 2007 1169 2083 quod

104 2098 191 2154 facile
214 2099 322 2170 corrigi
338 2091 457 2172 potuit]
1161 2085 1168 2095 ⁶

108 2237 132 2292 1.
144 2233 379 2292 Praecursorem
408 2237 515 2291 summi
524 2235 626 2312 Regis,
640 2237 666 2296 5.
682 2237 838 2312 Arguebat
859 2237 908 2292 hic
929 2231 1088 2300 Herodem,

148 2319 186 2376 Et
207 2337 386 2394 praeconem
409 2337 506 2378 novae
529 2322 606 2398 legis
685 2323 748 2380 Nec
771 2327 902 2379 terretur
924 2321 961 2377 ab
985 2317 1099 2383 eodem,

190 2405 330 2462 Celebrat
351 2405 503 2462 Ecclesia:
723 2409 850 2482 Ligatus
874 2409 903 2462 in
926 2421 1060 2462 carcere:

147 2490 181 2547 In
203 2491 260 2547 hac
282 2491 350 2546 luce
374 2496 434 2547 tam
456 2492 565 2550 festiva
680 2493 750 2550 Fert
771 2495 881 2550 iniuste
913 2493 1010 2547 iustus
1033 2503 1170 2564 poenam,

148 2575 262 2644 Gaude,
285 2577 392 2645 Mater,
416 2582 447 2633 et
468 2580 570 2636 votiva
680 2575 1172 2640 Remdetestanstamobscoenam

127 2714 133 2726 ,
190 2661 339 2736 Deprome
361 2664 530 2735 praeconia.
670 2677 671 2680 ’
722 2664 816 2739 Regis
840 2668 870 2720 et
893 2661 1053 2719 adulterae.

106 2814 366 2882 tauroentum
388 2833 572 2884 veneremur,
638 2797 667 2878 6
681 2817 783 2875 Saevit
805 2819 835 2873 in
856 2817 935 2872 hunc
958 2817 1003 2872 vis
1026 2813 1159 2887 tyranni:

105 2970 107 2978 Ι
150 2900 210 2957 Sed
232 2918 287 2957 nec
310 2903 407 2958 minus
430 2901 613 2960 delectemur
681 2903 762 2960 Laus
785 2903 915 2960 accessit
936 2901 1005 2958 hinc
1027 2899 1162 2964 Iohanni,

190 2986 224 3042 Iu
248 2988 311 3044 eius
333 2987 495 3061 Martyrio:
725 2988 864 3062 Tyranno
888 2987 1080 3062 supplicium:

149 3071 243 3128 Totus
266 3071 394 3128 mundus
418 3075 456 3130 sit
478 3072 637 3130 iucundus:
684 3074 800 3131 Stultus
824 3074 921 3130 saevit
943 3073 1073 3144 sapienti

147 3157 382 3231 NullusMartyr
396 3159 465 3214 huie
488 3157 639 3216 secundus
684 3159 760 3228 Quia
782 3162 878 3216 iustus
901 3159 931 3213 in
953 3159 1104 3231 praesenti

191 3243 307 3298 Virtute
329 3243 378 3299 vel
400 3246 540 3316 praemio.
726 3245 877 3319 Purgatur
899 3260 953 3316 per
975 3245 1138 3315 imperium.

109 3394 136 3452 3.
149 3395 216 3454 Non
239 3399 286 3450 est
307 3400 428 3452 nostrae
451 3397 608 3470 parvitatis
642 3399 670 3456 7.
683 3398 717 3454 In
739 3397 848 3454 natalis
864 3398 911 3452 sui
931 3412 1024 3452 coena

151 3480 253 3538 Virum
276 3483 387 3536 tantae·
401 3480 557 3554 dignitatis
625 3471 629 3482 ’
687 3483 816 3556 Capituli
838 3481 930 3555 plecti
953 3497 1051 3554 poena

49 3637 57 3644 ·
195 3564 334 3622 Laudare
356 3583 412 3640 per
434 3568 543 3623 omnia:
623 3629 628 3638 ¹
727 3567 892 3624 Iohannem
914 3565 978 3621 Rex
1000 3566 1140 3639 imperat:

152 3651 273 3710 Summa
283 3653 327 3707 rei
336 3653 489 3720 recitetur,
687 3653 866 3728 speculator
889 3651 1042 3719 saltatrici,

150 3737 191 3794 Ut
205 3736 330 3794 affectus
346 3739 492 3795 excitetur
688 3739 830 3794 Saltatrix
853 3736 905 3794 dat
927 3739 1080 3810 genetrici,

193 3823 237 3880 Ex
259 3825 323 3879 eius
338 3825 488 3881 memoria.
730 3823 829 3898 Caput
851 3821 933 3896 quod
954 3824 1112 3896 perierat.—

109 3960 138 4016 ll.
153 3960 220 4016 Non
243 3958 355 4017 arundo
379 3961 519 4029 levitatis,
643 3961 671 4019 8.
686 3961 764 4017 Crux
786 3961 961 4034 praesignat
984 3960 1135 4018 sublimari

153 4045 212 4103 Sed
235 4047 372 4102 columna
393 4047 551 4114 firmitatis,
687 4043 1177 4113 Christum,-sedhunominorari

196 4129 285 4186 Nulla
306 4132 411 4206 palpat
434 4134 569 4190 crimina:
733 4132 847 4206 Capitis
864 4128 1023 4188 abscissio:

155 4213 273 4271 Scribas
297 4219 408 4291 tangit,
432 4223 463 4275 et
484 4219 645 4286 Doctores3
690 4217 772 4274 Mors
796 4222 843 4272 est
864 4217 935 4273 iusti
957 4219 1099 4289 pretiosa,

154 4299 273 4357 Vocans
295 4301 372 4376 legis
401 4309 644 4378 transgressores
688 4302 785 4372 Quam
806 4304 973 4376 praecessit
995 4303 1126 4376 gloriosa
1201 4365 1203 4370 ,

196 4385 324 4462 Viperae
348 4389 504 4463 genimina.
732 4389 818 4446 Vitae
831 4389 1026 4452 conversatio.
1179 4380 1181 4383 ’
