2732 5026
159 635 286 692 Alterius
311 631 451 692 carminis
475 594 637 694 6666661666
658 632 813 707 eliquanto
840 632 953 706 largim
984 633 1141 707 exscripsit
1195 703 1197 706 .

76 721 237 780 ·Bchrends:
260 720 434 784 Deibcmus
456 719 612 793 stropham
633 719 847 792 perorationis:

214 859 299 916 Facit
321 858 362 914 ibi
383 859 512 914 fructum
534 857 635 913 coelos
657 871 754 931 nsque
778 854 908 922 ductum,

215 943 254 1001 Et
277 945 463 1018 episcopium
485 941 584 1000 adhuc
607 935 819 1010 testimonium,

216 1029 282 1100 Quo
304 1031 416 1104 incepit
440 1027 542 1086 sedem
563 1026 756 1103 Hildegrinus
778 1025 867 1094 idem,

216 1115 274 1186 Qui
297 1117 433 1190 quamvis
449 1113 604 1172 Werthine
628 1115 667 1170 sit
690 1112 826 1170 conditus
850 1129 985 1186 corpore,

214 1199 423 1262 Helverstadie
446 1205 545 1260 tamen
569 1202 607 1260 sit
629 1203 783 1275 patronus.
827 1197 930 1258 Amen.

373 1394 469 1462 Audi
490 1415 558 1462 666
580 1415 649 1463 rece
672 1391 823 1462 Christe.

81 1495 171 1554 Cantus
190 1496 441 1568 peregrinantium.
476 1495 523 1550 Du
540 1497 622 1553 Meril
644 1495 729 1564 ILp.
754 1493 866 1550 5th
885 1492 916 1549 Β.
941 1493 976 1581 de
995 1491 1137 1550 Clermont

457 1567 581 1619 66189.
607 1514 798 1620 saecXI.

170 1693 250 1752 Audi
272 1713 337 1763 666,
361 1693 424 1752 Rex
447 1695 580 1764 Christe,
710 1695 771 1751 Iter
793 1697 929 1750 nostrum
950 1708 1033 1766 rege,

171 1781 242 1838 andi
263 1799 319 1840 nos
343 1779 470 1860 domine,
709 1780 745 1836 ab
768 1781 857 1840 hoste
880 1778 1006 1838 defende

133 1871 161 1924 et
181 1867 261 1926 viam
283 1871 386 1924 nostra
410 1865 518 1944 dirige!
607 1866 644 1928 15
669 1872 699 1924 66
721 1865 760 1924 ad
781 1867 934 1942 propriam
955 1861 1082 1952 reduce!

69 1973 77 1996 '
171 1987 254 2044 Deus
278 1989 435 2054 miserere;
710 1986 870 2042 Dexteram
894 1983 1029 2051 extende,

9 2129 10 2140 ,
96 2071 112 2130 5
170 2073 254 2128 Deus
278 2075 420 2130 miserere
714 2073 865 2136 sinistram
888 2069 1040 2136 submove,

9 2151 11 2158 ’
134 2160 264 2218 etriam
286 2163 419 2218 nostram
439 2157 552 2239 ,diriget
669 2157 705 2214 ab
726 2155 864 2237 adversis
891 2173 946 2212 666
970 2149 1112 2214 deiende!

174 2277 198 2334 0
224 2271 314 2334 Trine
337 2282 368 2334 et
388 2277 463 2346 Une,
712 2277 767 2345 Tu,
791 2276 933 2337 formator
954 2275 1041 2341 bone,

173 2365 290 2421 cunctis
315 2361 344 2429 (Ι.
370 2361 505 2434 6666666)
528 2381 583 2421 nos
607 2362 647 2422 20
712 2362 781 2420 iube
804 2381 858 2422 nos
881 2363 982 2419 vivere

374 2455 511 2528 protege,
669 2449 700 2504 in
721 2465 815 2527 regno
839 2453 890 2508 tuo
915 2445 942 2514 (i.
959 2447 1050 2525 ‘regni
1070 2443 1142 2511 tuit)

132 2535 160 2591 in
181 2534 241 2598 hoe
265 2539 370 2592 sancto
397 2537 519 2592 itinere!
912 2533 1038 2589 lumine!

9 2627 11 2712 f
60 2612 113 2710 'tt
171 2654 288 2711 Ducem
310 2653 394 2710 nobis
417 2653 538 2729 praebe,
713 2653 846 2710 Gloriam
859 2653 887 2721 (i.
899 2650 1011 2719 Gloria)
1021 2655 1142 2708 aeterne

9 2741 10 2748 ’
157 2731 315 2839 engelum
337 2725 454 2808 adhibe,
710 2745 830 2796 maneat
852 2757 919 2795 cnm
941 2738 1040 2805 Patre,

134 2827 183 2900 qui
206 2842 262 2882 nos
286 2825 418 2914 deducat
441 2829 509 2882 6666
532 2827 576 2880 te!
672 2823 1142 2882 insaeculorumsaeculaAmen!

505 2975 569 2982 ——-·—-
581 2974 707 2982 ——---.-—-·

748 2985 763 3029 i

156 3053 215 3124 Ad
236 3057 270 3120 66
293 3053 397 3120 Deus
416 3055 584 3142 picticae,
611 3075 732 3122 666666
751 3053 870 3151 factor
893 3053 1053 3124 omnium.

80 3152 179 3208 Versus
194 3153 386 3209 Confessronrs
406 3157 440 3209 de
458 3157 644 3226 lueupoenr
648 3160 695 3209 66
697 3173 748 3212 rae
779 3155 825 3210 Du
838 3155 991 3224 Merrli
995 3157 1116 3224 ,18266
1097 3173 1159 3225 66.1
1204 3211 1206 3230 Ι

275 3240 309 3276 ex
328 3223 395 3278 Cod
414 3225 484 3277 Bibi
502 3223 572 3292 Reg
591 3226 679 3278 Paris.
706 3227 779 3278 1164.
799 3241 872 3280 saec
891 3223 940 3277 XI.

134 3351 216 3409 Adt
204 3358 243 3421 6,6
268 3353 349 3410 Deus
374 3353 513 3428 gloriose,
537 3372 638 3412 rerum
660 3357 757 3412 166666
781 3357 919 3423 omnium,

113 3483 116 3486 .
136 3439 312 3514 lacrymosis
336 3439 430 3496 clamo
455 3458 577 3515 gemens
602 3447 631 3497 et
654 3443 762 3497 amaris
785 3441 926 3498 vocibus:

240 3526 448 3598 poenitenti,
417 3526 600 3595 trChrist,e
625 3525 818 3585 deveniam!

136 3641 239 3702 Brevis
263 3649 311 3700 est
332 3645 473 3702 haect
431 3647 493 3703 vita
514 3647 600 3703 nimis
624 3652 654 3703 et
676 3648 766 3721 plena
787 3647 929 3704 miseriis:
969 3644 974 3653 '

97 3723 114 3784 5
137 3746 225 3803 quam
248 3735 380 3798 6666666,
405 3731 443 3788 ad
467 3733 630 3789 coelestem
652 3733 830 3790 6661666ιί
852 3733 994 3828 animam:

45 3823 48 3830 ’
274 3817 505 3885 misereremei,
528 3819 677 3891 piissime!

138 3931 360 3992 Confundort
331 3941 360 3992 et
384 3935 528 3995 erubesco
553 3942 657 3995 66666
658 3954 727 3994 uam
750 3939 865 4007 faciem,
940 3935 949 3946 ”

106 4043 110 4052 =
139 4035 203 4076 cum
224 4019 367 4083 recordor
389 4028 501 4098 quanta
523 4024 581 4086 feei
604 4037 705 4086 coram
727 4028 757 4081 te
779 4025 970 4098 peccamina:

276 4106 313 4168 ab
336 4109 459 4176 inferno,
484 4108 619 4180 Christe,
637 4128 693 4168 666
715 4109 824 4172 libera!
1040 4114 1044 4116 ’

83 4221 118 4278 10
139 4210 311 4283 Delectatus
334 4228 490 4302 voluptate
514 4231 621 4298 carnis,
644 4231 703 4288 vixi
725 4232 868 4311 reprobe,
931 4231 934 4236 ’

140 4325 197 4366 666
219 4313 352 4387 quaesivi
375 4313 560 4372 voluntatem
582 4319 664 4372 tuam
687 4315 777 4390 digne
799 4317 915 4375 facere:
1018 4310 1025 4320 “

274 4400 451 4472 poenitenti,
480 4399 612 4469 Christe,
637 4399 676 4458 da
696 4404 842 4492 veniamt·
936 4432 938 4440 ·
