2724 5026
142 619 155 629 .
248 557 364 620 Collum
385 563 468 616 tuum
490 563 525 616 ut
546 558 684 634 columna
780 556 919 614 Clemens
942 553 1051 614 adesse
1074 555 1201 634 dignare

183 643 224 700 45
247 645 338 700 turris
361 648 392 700 et
414 643 561 710 eburnea;
608 648 612 655 '
781 643 862 700 etin
885 647 937 698 tuo
962 642 1086 700 salutari

247 729 305 785 mel
328 733 358 785 ct
379 728 427 784 lac
451 729 505 786 sub
527 728 630 804 lingua
652 735 713 797 tua,
781 745 835 784 uos
857 728 967 804 ubique
990 729 1094 802 visita;

230 813 450 880 ,savusdulcis
472 814 563 874 labia·

352 899 356 912 ·
781 883 913 958 ipsaque
935 879 1118 948 mediatrice,

717 967 756 1026 55
781 983 894 1024 summe
916 985 967 1024 rex
989 972 1165 1041 perpetue,

246 1051 326 1127 Ergo
350 1051 435 1109 nobis
459 1041 587 1128 sponsae
610 1057 680 1110 tuae
781 1069 856 1110 voce
878 1069 955 1127 pura
989 1095 993 1100 .
1059 1057 1067 1091 -“

247 1137 465 1206 famulantibus,
490 1155 507 1194 ο
529 1137 658 1206 Christe,
778 1139 960 1213 flagitamus,
985 1135 1023 1194 da
1046 1133 1179 1212 gaudere

183 1223 225 1288 50
246 1225 359 1300 pietate
383 1224 479 1292 solita,
779 1222 911 1298 paradisi
934 1221 1052 1299 gaudia.

268 1325 357 1382 none
380 1324 401 1382 r.
424 1345 451 1400 p.
476 1325 551 1384 aar:
574 1325 627 1384 ns.
650 1344 686 1382 zu
715 1325 743 1384 s.
760 1307 874 1385 'curren
904 1325 960 1385 uo.
982 1325 1053 1386 555.
1079 1324 1125 1384 ra
1147 1321 1258 1383 suurn.

619 1491 820 1503 ·-·—--——-—

214 1573 218 1580 ⁸
269 1597 339 1659 3³5.
364 1581 504 1670 [Lauda
526 1585 617 1656 8155
637 1593 672 1656 51
692 1587 827 1656 1551555
849 1587 954 1656 Plebs
974 1581 1103 1658 devota
1122 1545 1257 1658 imua-

185 1674 282 1740 dare.
326 1683 371 1739 De
393 1682 635 1740 Confessore
657 1677 877 1754 Poritifica]
1211 1721 1223 1752 .

616 1847 818 1859 ω

269 1955 338 2015 336.
363 1943 581 2028 [Gratulctar
602 1945 697 2029 ordia
720 1953 814 2015 totus
845 1946 1030 2013 Praesens
1052 1949 1173 2013 coelus
1206 1945 1257 2012 cil

184 2032 330 2099 motae
352 2029 514 2098 1155115155
543 2031 581 2096 in
606 2032 759 2120 glaudio.
792 2042 836 2098 De
860 2042 889 2101 S.
911 2040 1121 2116 Margareta
1142 2041 1174 2099 ll.
1198 2035 1251 2110 lli]

247 2157 421 2216 Gratuletur
444 2159 522 2215 orbis
546 2165 636 2228 totus,
716 2163 757 2221 25
781 2161 863 2218 Haec
886 2141 1022 2238 1555515
1045 2161 1208 2218 iuventutis
1229 2227 1232 2234 Δ

246 2262 390 2320 praesens
414 2250 518 2302 coetus
535 2247 574 2302 sit
590 2245 715 2304 devotus
782 2248 924 2304 excultrix
946 2247 1012 2304 viae
1036 2245 1140 2304 salutis
1240 2235 1245 2245 “

245 2330 373 2388 iubilans
386 2323 424 2388 Ι15
448 2330 558 2406 gaudio
781 2349 859 2392 vana
881 2333 995 2408 sprevit
1016 2329 1105 2400 idola,

247 2415 286 2474 ad
307 2418 451 2473 honorem
472 2417 671 2491 Margaretae,
780 2435 847 2476 curu
867 2418 1012 2494 praefecti
1034 2423 1105 2475 vota
1127 2417 1252 2492 speruit,

142 2517 144 2522 ·
206 2503 224 2560 5
249 2517 351 2578 quam.
359 2503 470 2559 locavit
491 2503 521 2558 in
545 2504 645 2577 quiete
780 2523 847 2560 mox
870 2503 979 2572 adesse
1000 2519 1114 2580 poenas
1142 2503 1237 2560 ceruit

182 2653 188 2664 ¹
249 2605 303 2645 sua
326 2587 447 2664 grandis
470 2589 580 2662 passio.
719 2589 759 2648 30
782 2590 858 2646 haec
880 2585 976 2646 dulcis
1000 2589 1178 2647 christicola.

246 2707 503 2783 Plauditphalaux
511 2725 715 2782 supernorum,
782 2710 930 2768 Constans
952 2707 1012 2766 fide
1035 2711 1215 2776 carceratur,

246 2787 328 2869 quod
344 2793 517 2851 conscendit
532 2793 571 2852 ad
581 2785 718 2874 polorum
783 2813 838 2852 nec
861 2812 879 2852 5
902 2795 1022 2853 Christo
1046 2798 1204 2868 separatur

246 2880 322 2936 hacc
344 2879 413 2936 felix
435 2879 561 2953 palatia:
774 2881 892 2938 'tenella
913 2880 1098 2957 virguncula,

187 2964 224 3023 10
245 2963 350 3022 laudat
371 2963 458 3022 turba
479 2965 632 3040 virginalis
781 2983 906 3042 praeses
927 2972 961 3023 ut
990 2967 1077 3023 hanc
1093 2965 1253 3040 imperarit

247 3050 329 3108 verbi
359 3065 516 3124 sponsam,
553 3067 622 3108 narn
660 3049 757 3111 55535
781 3051 867 3109 caedi
889 3039 991 3128 virgis,
1014 3069 1073 3108 555
1096 3052 1216 3124 expavit

428 3182 442 3197 .
539 3135 594 3194 alis
781 3138 932 3196 Christum
953 3154 1043 3196 orans
1071 3135 1183 3194 sedula.

248 3225 353 3278 sancta
376 3226 445 3278 sunt
467 3221 582 3282 solatia
681 3275 688 3287 .
780 3257 877 3314 portis
900 3257 975 3314 hago
996 3258 1026 3314 in
1048 3256 1190 3332 passione

246 3339 308 3398 Ista
330 3357 440 3415 sponsa
462 3343 567 3400 summi
593 3341 674 3416 regis
697 3407 700 3410 ,
782 3357 913 3418 pugnarn
929 3344 1024 3418 gessit
1036 3359 1102 3398 cum
1110 3337 1268 3409 dracone,'

221 3489 227 3494 ,
247 3443 353 3501 expers
377 3431 442 3484 crat
463 3427 557 3483 falsae
579 3427 666 3502 legis,
782 3445 872 3503 quem
894 3427 983 3486 scidit
1004 3443 1059 3502 per
1080 3425 1225 3494 medium3

118 3503 124 3509 ’
186 3511 223 3568 15
247 3511 398 3570 Christum
421 3512 522 3571 colens
551 3512 759 3582 dominando
781 3514 949 3588 posthaec
972 3512 1091 3570 demum
1117 3515 1251 3572 cruciata

246 3615 331 3654 soror
354 3598 427 3664 Sion
446 3598 573 3655 filiarum
784 3605 832 3656 est
853 3597 959 3658 ardore
983 3604 1173 3658 concremata

247 3683 385 3740 unionem
407 3684 555 3756 fatuarum
781 3683 951 3760 lampadum
974 3683 1147 3744 ardentium.

246 3767 322 3845 haec
353 3771 531 3844 contempsit
561 3770 716 3844 virginum.
781 3805 871 3879 virgo
887 3803 979 3863 vitam
994 3779 1094 3864 serens
1111 3801 1252 3862 mundam

244 3885 327 3943 Inter
342 3889 472 3968 quinque
495 3890 648 3964 sapientes
762 3891 997 3966 .·poenamvasis
1007 3891 1120 3965 perfert
1130 3889 1252 3957 undam,

182 3971 223 4031 20
245 3973 362 4047 puellas
386 3973 462 4051 lianc
484 3980 665 4049 reponentes
694 3976 756 4055 Ι45
781 3977 890 4034 collum
911 3974 1033 4033 tradens
1055 3975 1172 4051 iugulo:

245 4075 421 4116 veneremur
443 4059 596 4116 laudibus:
780 4079 852 4136 ergo
875 4060 981 4120 laudes
1003 4061 1209 4136 hymnizemus

228 4144 333 4202 huius
352 4141 455 4202 lumen
477 4147 610 4202 caritatis
781 4147 918 4216 Christe,
943 4163 998 4222 per
1019 4160 1109 4223 quem
1130 4165 1186 4206 uos
1209 4149 1253 4206 vi·

244 4247 280 4286 ex
301 4231 418 4305 liquore
442 4233 600 4292 suavitatis
925 4298 926 4308 χ
1036 4288 1038 4296 ,
1075 4231 1179 4302 demus

244 4315 375 4380 ardescit
396 4317 593 4393 lampadibus.
637 4357 640 4372 .
763 4311 856 4376 'haec
879 4319 966 4394 signa
986 4319 1016 4380 iu
1043 4319 1164 4394 populo.
