2848 5030
227 668 293 736 ioli.
319 668 456 746 [Gaude
477 663 567 734 Stoa
591 667 779 734 dedecore
794 650 937 753 fructus
954 669 1005 736 tat
1019 665 1208 752 ethonore.

138 765 182 822 De
206 765 233 822 S.
257 759 499 836 Hieronymo]

222 883 312 940 Mona
334 882 385 938 ΙΙΙ.
408 901 437 956 p.
462 867 532 940 389.
555 884 678 956 ex‚ipso
701 880 846 941 Branderi
868 881 989 941 Codice.
1091 948 1098 954 ,
1212 853 1219 872 .

228 1155 295 1215 too.
321 1144 589 1226 [Luctatnndac
607 1143 807 1212 Francieco
830 1145 993 1212 decantet
1012 1147 1130 1216 cieras
1144 1145 1211 1214 Ac-

138 1232 253 1298 lelttia.
298 1241 342 1298 De
367 1241 395 1297 S.
420 1233 636 1310 cranenco]
698 1265 703 1278 ·

224 1360 313 1416 Thes
343 1359 379 1415 Π.
410 1379 439 1432 p.
475 1359 542 1416 193.
588 1357 755 1432 Waddingo
786 1363 863 1414 teste
894 1364 999 1415 auctor
1027 1377 1135 1434 prosae
1164 1367 1211 1417 est

120 1445 270 1504 -Thomas
294 1446 454 1519 Capuanus
468 1443 633 1530 Cardinalis
657 1443 820 1518 Presbyter
849 1445 936 1500 titulo
961 1446 990 1502 S.
1015 1445 1142 1502 Sabinae
1172 1447 1210 1502 ab

140 1532 313 1588 Innocentio
336 1531 386 1587 III.
412 1535 546 1598 creatus,
578 1529 629 1604 qui
652 1535 682 1586 et
712 1529 1211 1604 composuit,11ymn0s:1neoe-

138 1618 226 1674 lesti
257 1618 416 1690 collegio
447 1615 535 1674 Thes.
558 1615 580 1670 Ι.
604 1635 633 1690 p.
657 1615 729 1674 295.
772 1616 888 1671 Decus
919 1633 1050 1672 morum
1077 1617 1165 1676 Thes.
1189 1617 1210 1674 Ι.

139 1722 167 1776 p.
191 1703 261 1762 319.
307 1701 375 1776 Ipse
399 1701 561 1776 Gregorius
585 1701 633 1758 IX.
657 1699 827 1757 condidisse
850 1701 944 1756 fertur
966 1701 1108 1774 hymnum
1129 1701 1211 1758 Pro·

139 1789 194 1844 les
217 1787 258 1844 de
281 1787 384 1844 coelo
407 1785 549 1860 prodiit
570 1785 660 1845 Thes.
676 1787 696 1844 1.
712 1805 741 1860 p.
763 1777 835 1844 295.
860 1791 890 1842 et
912 1787 1000 1842 aliam
1024 1789 1212 1862 sequentiam

140 1874 256 1948 Caput
278 1873 458 1930 draconis.

224 1993 314 2049 Mune
336 1993 386 2050 111.
410 2011 437 2066 p.
461 1991 530 2050 306.
576 1987 638 2056 (Hs.
669 2009 713 2048 zu,
735 1993 763 2047 S.
794 1990 899 2047 Gallen
924 1991 995 2048 457.
1023 1991 1070 2049 13.
1093 1990 1211 2057 Jahrb.)

140 2081 169 2138 2.
192 2081 294 2136 novis
331 2079 449 2134 clavis
482 2081 574 2137 recte.
619 2076 693 2131 Mo:
731 2077 782 2132 Ich
809 2076 907 2132 atinde
928 2077 1080 2132 corzielien
1102 2093 1212 2150 quem

140 2165 223 2220 fixit
244 2165 450 2230 novissimo
473 2163 589 2219 clavo.
627 2161 654 2220 θ.
678 2163 939 2236 quemgenuit.
968 2162 998 2220 o:
1020 2162 1115 2230 haec
1139 2179 1212 2223 cor-

139 2255 256 2322 rupta.
295 2249 388 2306 Miror
410 2255 540 2322 poetam,
565 2249 667 2321 quiin
689 2247 812 2320 reliquis
836 2247 967 2321 strophis
990 2249 1084 2320 ipsius
1101 2244 1213 2306 S.Ber-

140 2334 226 2391 nardi
247 2335 481 2409 hypopsalmata
503 2334 638 2400 intexuit,
661 2335 691 2388 in
713 2333 771 2405 hac
794 2349 853 2388 una
876 2332 1001 2406 stropha
1030 2331 1067 2389 ab
1098 2349 1134 2388 eo
1166 2349 1213 2389 re·

140 2421 281 2477 cessisse.
327 2420 354 2480 9.
377 2420 505 2477 inultis
527 2420 611 2478 vita.
659 2418 705 2477 to.
729 2419 834 2492 lepra
857 2417 966 2474 cedit.

576 2583 779 2592 -—··-·—--—-—

229 2691 296 2752 tto.
322 2643 488 2766 [Sarsura
510 2682 620 2748 cordo
643 2680 772 2747 tendere
798 2677 936 2765 fratres
966 2684 1000 2746 et
1026 2681 1214 2767 impendite

143 2767 269 2834 laudes
291 2769 472 2834 salvatori.
516 2777 560 2832 De
584 2777 612 2833 S.
636 2774 733 2832 Fide.
773 2775 936 2850 Sequentia
952 2768 1211 2850 antiquanostraJ
1314 2827 1318 2831 .
1372 2742 1377 2754 ¹

576 2943 634 2950 .---
641 2941 778 2950 ——------

231 3049 298 3109 167.
323 3039 412 3118 [Vae
442 3041 586 3108 electam
604 3039 752 3123 proiice.
796 3013 841 3104 Do
865 3047 892 3105 S.
914 3000 1113 3122 Dionysio]

55 3390 60 3395 ⁵
144 3411 164 3468 S
197 3309 475 3482 thls.][0drieie
498 3315 633 3380 conctis
663 3313 770 3379 unica
800 3330 895 3398 spes.
940 3321 973 3380 B.
997 3320 1153 3386 Notkeri
1178 3317 1214 3376 de
1258 3290 1263 3300 Ι

76 3425 79 3430 “
166 3457 172 3468 .
229 3427 246 3467 a
283 3428 309 3464 o.

168 3532 193 3586 1.
219 3529 347 3598 Christe,
371 3529 483 3584 sanctis
506 3529 593 3584 unica
616 3543 697 3602 spes,
722 3529 813 3594 salus,
836 3527 898 3582 vita
921 3530 1012 3600 atque
1035 3523 1131 3598 gloria
1149 3539 1217 3597 per-

347 3619 448 3688 petua,

164 3703 193 3761 2.
217 3701 308 3758 Cuius
333 3699 511 3757 charismate
535 3699 614 3754 siout
634 3697 719 3754 India
740 3699 782 3754 ita
802 3697 911 3771 flagrat
934 3700 964 3752 ct
985 3694 1142 3760 Hibernia3

165 3787 192 3844 3.
216 3785 293 3856 Quin
316 3787 437 3859 insuper
459 3783 592 3841 mirando
615 3783 703 3839 modo
726 3801 813 3848 nova,
825 3783 917 3838 mittit
938 3781 1102 3846 luminaria,

165 3873 195 3929 la·
217 3871 300 3940 Quae
324 3871 439 3927 Gellius
462 3871 510 3942 vel
532 3869 710 3928 Germaniae
733 3867 824 3924 corda
846 3868 968 3924 foveant
990 3865 1119 3933 sterilia3

166 3957 193 4014 5.
216 3957 258 4013 Ex
282 3956 390 4032 quibus
412 3955 531 4030 probati
553 3971 608 4030 per
631 3957 728 4012 omnia
751 3953 813 4010 Nos
836 3953 917 4010 beati
939 3951 1018 4009 Galli
1036 3953 1152 4019 menta,
1175 3951 1219 4008 tui

350 4043 546 4108 confessoris,
570 4040 688 4124 inclyta
709 4039 894 4111 recolentes,
920 4040 983 4095 eius
1006 4037 1088 4094 clara
1111 4036 1219 4096 devote
1293 4093 1298 4100 ,

350 4145 486 4186 curamus
511 4127 674 4194 sollemnia,
720 4115 729 4141 ’

91 4231 95 4239 ·
166 4213 193 4274 c.
218 4214 257 4271 Ut
280 4215 357 4270 sicut
379 4224 523 4287 praesens
548 4229 601 4268 sua
631 4217 768 4286 tempora
790 4209 954 4268 Virtutibus
985 4201 1137 4266 concessis
1167 4212 1219 4263 tuo
1281 4202 1283 4210 ’

349 4317 470 4356 munere
494 4299 676 4366 clarificavit,
700 4299 743 4354 ita
764 4302 868 4354 nostra
888 4295 1037 4371 temperet
1067 4293 1103 4350 de
1132 4293 1219 4350 coelo
1303 4355 1306 4359 ,

349 4391 403 4445 toa
424 4387 643 4450 concomitante
667 4401 735 4442 sese
758 4383 865 4460 gratia,

542 4497 547 4506 .
962 4473 996 4529 7*
