2904 5028
682 449 725 525 ii

161 601 416 689 lterumsversus
437 599 569 688 istos-tu
590 631 651 690 noli
671 633 716 690 ¹sie
738 634 965 708 interpungere:

244 746 410 806 Ecclesiam
511 752 620 808 vestris
644 749 785 830 docminis
831 751 1025 810 illuminatam

234 831 303 890 ·Per
324 835 484 922 circulum·
511 837 610 892 terrae
632 841 774 910 precatus
831 836 952 896 adiuvet
973 843 1075 896 vester

88 1017 94 1025 .
159 954 215 1030 qui
232 955 333 1028 potius
357 956 400 1011 sic
423 952 529 1011 excudi
551 953 689 1014 debente

312 1073 478 1152 Ecclesiam
500 1077 608 1134 vestris
702 1075 843 1134 doctrinis
865 1041 1060 1136 illuminatam

214 1177 223 1204 ·-
311 1158 370 1218 Per
392 1160 535 1218 circulum
556 1163 654 1220 terrae
700 1167 840 1236 precatus
863 1161 985 1220 adiuvet
1006 1168 1115 1222 vester.
1145 1222 1148 1242 Ι

160 1311 278 1372 Cadunt
286 1319 375 1372 certe
390 1315 435 1372 vis
452 1319 482 1371 et
496 1315 648 1392 emphasis
665 1318 830 1374 sentcntiae
846 1319 876 1373 in
895 1320 1029 1375 vestris
1053 1323 1084 1374 et
1098 1323 1229 1378 vester.

162 1399 288 1456 Sanetos
312 1399 467 1474 apostolos
480 1402 568 1470 ,enim
591 1408 694 1458 exorat
715 1407 815 1476 poeta,
839 1408 984 1478 utquam
1007 1401 1149 1461 dochinis
1170 1407 1232 1462 suis

161 1485 231 1542 olim
260 1484 422 1542 erudierint
451 1487 626 1555 ecclesiam,
664 1503 730 1546 eam
759 1494 790 1544 et
819 1503 897 1546 nnnc
928 1490 989 1546 suis
1012 1489 1151 1564 precibus
1165 1493 1233 1547 'non

161 1571 299 1628 omittant
312 1569 472 1628 adiuvare.
516 1571 643 1629 Iterum:

265 1690 348 1748 Haec
372 1693 477 1750 domus
491 1693 578 1750 aulae
602 1693 743 1750 coelestis
788 1674 931 1778 probatur
952 1695 1105 1769 particeps

194 1789 204 1852 J
264 1777 298 1834 In
320 1777 409 1837 leude
431 1780 512 1856 regis
536 1779 687 1836 coelorum
789 1783 820 1835 et
842 1781 1045 1836 caeremoniis.

161 1929 227 2002 Quo
248 1931 326 1990 benc
349 1932 510 1992 observato
534 1933 664 1989 occurrit
687 1933 807 2008 saepius
830 1933 982 1990 levissima
996 1935 1131 2002 mutatio,
1155 1951 1244 2008 quae-

160 2018 286 2074 metrum
309 2034 406 2092 aeque
429 2035 464 2074 ac
488 2019 667 2081 sententiam
690 2015 820 2075 adiuvat.
866 2017 1008 2092 Legimus
1023 2019 1053 2074 in
1070 2019 1233 2096 Sequentia

161 2099 198 2160 de
221 2101 272 2158 SS.
296 2101 523 2160 Innocentibus:

176 2221 351 2283 ,Recentes
374 2230 476 2307 atque!
488 2223 583 2298 teneri
605 2223 714 2280 milites
730 2211 745 2300 ΙΙ
758 2221 929 2282 Herodiano
951 2240 1024 2282 ense
1046 2223 1194 2286 trucidati

312 2313 343 2366 te
364 2307 455 2366 hodie
477 2307 726 2384 praedicaverunt

137 2409 146 2424 ι
203 2391 288 2450 Licet
316 2391 444 2452 necdum
474 2397 637 2468 potuerunt
664 2393 800 2468 lingnula
822 2381 836 2472 ΙΙ
859 2395 1002 2452 effusione
1025 2399 1125 2452 tamen
1147 2400 1188 2464 te,
1298 2462 1309 2476 ,

313 2477 441 2549 Christe,
466 2481 510 2537 sui
534 2479 687 2555 sanguinis
709 2481 884 2554 praeconati
907 2485 984 2538 sunt.

159 2631 385 2690 intercisionem
405 2653 466 2690 non
487 2635 545 2692 nisi
566 2651 655 2690 unam
678 2637 845 2708 sententiae
867 2653 974 2696 versus
996 2636 1125 2710 patitur:
1163 2636 1231 2710 quis

161 2715 240 2776 enim
261 2718 341 2776 hunc
363 2721 398 2776 in
414 2717 535 2776 modum
557 2719 692 2796 legeret?

205 2836 354 2895 Recentcs
377 2843 469 2913 atque
491 2840 587 2896 teneri
606 2827 611 2915 Ι
630 2840 739 2898 milites
761 2838 932 2898 Herodiano
951 2827 956 2915 Ι
976 2853 1048 2906 ense
1070 2837 1210 2922 mucidati

311 2927 342 2980 te
364 2923 456 2982 hodie
478 2923 730 2998 praedicaverunt

202 3009 288 3067 Licet
308 3007 436 3066 necdum
457 3013 621 3084 potuerunt
645 2997 649 3086 Ι
675 3007 811 3085 hnguula
838 3009 983 3066 effusione
1008 2997 1013 3086 Ι
1036 3014 1138 3067 tamen
1158 3014 1189 3066 te

315 3093 433 3152 Christe
457 3096 502 3152 sui
526 3097 679 3171 sanguinis
701 3097 876 3170 praeconati
899 3099 976 3152 sunt.

160 3245 221 3306 Sed
242 3220 273 3304 in
295 3224 398 3306 ultima
415 3246 562 3306 vclausula
591 3250 881 3324 circumspiciamus,
918 3265 956 3306 an
978 3266 1037 3307 non
1058 3250 1089 3306 in
1110 3246 1233 3324 aliquod

135 3333 285 3402 ,verbum
317 3333 462 3390 ambobus
496 3333 633 3396 versibus
671 3353 826 3395 commune
857 3337 903 3393 vis
937 3337 1103 3394 sententiae
1136 3333 1233 3392 cadet

161 3411 402 3487 Certissime,'ex
425 3423 460 3476 te
484 3437 580 3488 omne,
604 3419 748 3498 quidquid
770 3420 873 3489 idest,
897 3419 1046 3494 dependit.
1090 3418 1136 3475 Τιι
1159 3436 1232 3496 ergo

161 3522 204 3561 src
227 3520 376 3580 corrigas:

202 3623 353 3683 Martae
375 3627 468 3700 atque
490 3625 586 3682 teneri
607 3616 716 3700 milites
736 3614 741 3702 Ι
760 3623 930 3686 Herodiano
954 3641 1027 3682 ense
1048 3621 1190 3683 trucidati
1208 3613 1213 3701 Ι

312 3709 346 3769 ie
367 3709 457 3771 hodie
479 3709 730 3785 praedicaverunt

203 3795 289 3864 Licet
310 3794 438 3854 necdum
459 3801 623 3870 potuerunt
644 3796 780 3872 lingnula
798 3784 803 3874 Ι
824 3795 967 3854 effusione
989 3799 1090 3853 tamen
1113 3795 1232 3857 Christe
1251 3863 1264 3871 ,-

260 3947 263 3954 Ι
313 3879 359 3938 sui
378 3867 383 3958 Ι
402 3879 434 3942 te
458 3881 611 3958 sanguinis
633 3883 808 3958 praeconati
831 3886 908 3939 eunt.
952 3941 955 3946 ,

160 4033 216 4092 Vel
237 4036 288 4104 ita,
312 4039 345 4092 ut
367 4053 437 4095 cum
458 4036 597 4106 *Bentleio
627 4037 743 4111 loquar,
766 4037 896 4111 scripsit,
919 4035 968 4093 vel
983 4033 1086 4092 debuit
1101 4033 1232 4092 scribere

160 4127 260 4195 poeta.
302 4121 479 4180 Hademde
502 4139 596 4186 eausa
618 4123 729 4180 nollem
750 4121 976 4194 intercisionem
991 4123 1071 4180 inter
1094 4119 1233 4178 substan-

160 4207 255 4264 tinem
277 4211 308 4264 et
330 4224 417 4264 snum
439 4207 619 4268 adientivum
640 4209 841 4282 interponere,
855 4207 938 4275 'niei,
970 4205 1052 4282 qnod
1073 4219 1166 4279 saepe
1188 4205 1231 4271 iit,

160 4295 304 4350 venustas
327 4295 493 4351 sententiae
515 4295 559 4351 ita
576 4293 720 4370 postulet.
765 4293 950 4368 Sequentem
964 4309 989 4350 e.
1006 4311 1035 4368 g.
1051 4290 1232 4366 Sequentiae

162 4375 382 4436 Pentecostelis
405 4396 525 4436 versum
547 4379 605 4437 hoc
628 4378 716 4456 modo
740 4378 920 4458 ordinarem:
991 4437 993 4448 ,

93 4513 98 4520 .
213 4475 549 4536 oaniearnaamav.
946 4509 950 4514 -
1029 4469 1047 4526 2
