2822 5026
105 596 348 662 douziema
369 597 515 662 siecle.
557 603 651 664 Paris
675 596 766 664 lats.
810 603 897 665 Sane
921 606 1053 683 quidem
1076 608 1110 667 in
1133 623 1188 684 ap

104 703 311 780 pendieibus
326 704 490 767 Thesauri
512 719 579 766 non
594 705 705 766 nullas
727 707 836 783 spicas
853 707 1016 768 habemus
1031 709 1109 770 inde
1131 709 1187 769 de-

2 868 3 896 q
107 811 260 884 carptas3
284 807 347 867 sed
367 823 456 867 nunc
479 808 613 868 demum
635 809 767 884 plenam
782 823 929 870 messem
951 809 1059 872 faeere
1081 811 1187 888 potui-

106 926 193 970 mus.
226 911 389 971 Prorsum
405 925 491 971 nova
506 915 620 971 autem
633 911 862 974 hausimusex
878 913 1029 974 eiusdem
1042 914 1187 974 auctoris

109 1027 214 1088 opere
229 1004 316 1072 1847
338 1013 374 1072 in
393 1013 503 1073 lucem
519 1011 625 1073 edito:
648 1011 824 1075 Poesies
846 1016 1098 1092 Populaires
1119 1016 1188 1076 La-

108 1115 222 1174 tines
248 1114 301 1174 du
322 1129 473 1191 moyen
495 1112 587 1192 age,
611 1116 699 1194 quod
722 1117 856 1194 quidem
873 1116 1072 1178 Germaniae
1094 1118 1187 1192 hym-

108 1216 235 1292 nologi,
257 1229 328 1278 noa
350 1221 487 1293 excepto
508 1217 631 1291 Monio‚
652 1233 769 1294 parum
793 1214 1023 1280 adhibuerunt.

195 1368 352 1448 Denique
386 1369 415 1430 si
452 1370 627 1448 quaeritur,
662 1387 746 1448 quae
781 1371 823 1432 sit
845 1371 952 1448 patria
981 1371 1187 1433 devotissimi

109 1471 421 1550 studiosissimique
444 1472 651 1550 antiquitatis
668 1473 868 1533 christianae
884 1474 1016 1546 amoris,
1038 1473 1187 1548 felicissi-

2 1639 3 1652 χ
108 1591 257 1652 maeque
280 1575 315 1634 in
339 1573 455 1635 eadem
472 1575 672 1654 exploranda
689 1575 874 1636 doctrinae:
897 1576 987 1636 Haud
1000 1576 1098 1636 dubie
1120 1577 1189 1636 Bri-

2 1659 3 1692 *
109 1679 229 1738 tannia
254 1675 394 1736 dicenda
417 1681 475 1738 est.
514 1677 587 1752 Quo
603 1693 713 1738 rerum
736 1693 905 1738 sacrarum
928 1694 1109 1756 earumque
1132 1696 1188 1738 an-

38 1765 41 1774 ’
108 1781 283 1858 tiquarum
306 1779 423 1840 ardore
446 1781 676 1856 hymnologia,
710 1781 743 1840 id
766 1781 853 1858 quod
876 1779 971 1841 facile
1003 1781 1190 1858 suspiceris,

110 1898 178 1942 non
199 1881 414 1942 mediocriter
429 1882 542 1942 adiuta
565 1887 623 1944 est.
658 1883 728 1942 lam
750 1883 785 1942 in
807 1881 1010 1958 praefatione
1026 1884 1188 1946 Thesauri

113 2001 230 2045 eorum
246 1983 433 2045 studiorum
447 1985 608 2062 principia
624 1985 721 2045 nobis
737 1984 828 2044 fuere
845 1985 1056 2062 attingenda3
1070 2002 1187 2046 verum

119 2103 159 2146 ex
177 2087 233 2148 illo
256 2093 406 2164 tempore
421 2089 542 2148 mirum
558 2093 719 2166 quantum
735 2088 954 2148 increverunt.
992 2087 1189 2177 St'ephen-

119 2191 231 2250 sonii
254 2191 381 2271 operis:
420 2191 516 2252 Latin
538 2192 669 2268 Hymns
693 2189 730 2250 of
747 2192 804 2250 the
827 2191 1042 2268 Anglosaxon
1065 2191 1188 2253 chureh

114 2291 208 2352 doleo
233 2293 317 2353 mihi
339 2293 421 2354 nihil
444 2294 674 2372 suppeditasse
705 2298 836 2372 praeter
872 2311 912 2354 ca
948 2310 1032 2372 quae
1053 2293 1188 2354 Monius

113 2389 189 2454 inde
213 2396 248 2459 in
272 2411 370 2482 suum
384 2397 505 2458 librum
527 2397 701 2458 transtulit.
738 2398 829 2458 Illius
846 2397 979 2476 quidem
1000 2397 1074 2456 libri
1097 2397 1188 2458 nulla

113 2497 180 2558 iam
202 2498 335 2566 videtur
358 2515 432 2560 esse
455 2501 566 2578 copia3
594 2505 684 2562 certe
708 2517 773 2581 ego
794 2500 916 2562 frustra
945 2517 1079 2578 operam
1112 2499 1188 2560 dedi

113 2606 149 2662 ut
180 2616 260 2660 eum
293 2602 505 2678 acquirerem.
550 2600 615 2664 Sed
648 2603 689 2662 ad
719 2619 857 2665 manum
888 2602 990 2664 habui
1013 2601 1188 2678 egregium

112 2716 197 2778 opus
221 2701 421 2762 Richardi
443 2704 649 2764 Chenevix
671 2704 850 2779 Trench3
881 2701 1041 2764 Sacred
1063 2703 1187 2763 Latin

110 2803 274 2879 Poetry.
306 2803 445 2864 London
470 2797 568 2884 itta
593 2822 678 2882 quae
701 2806 851 2866 collectio
875 2823 977 2866 unum
1001 2810 1034 2864 et
1057 2809 1188 2882 septua-

113 2905 209 2982 ginta
232 2907 379 2966 carmina
413 2907 489 2966 inde
523 2907 564 2967 ab
588 2909 829 2986 antiquissimis
853 2908 1058 2983 temporibus
1081 2923 1187 2984 usque

113 3007 271 3069 adfinem
286 3007 411 3068 saeculi
425 3007 506 3070 XVI.
522 3011 676 3070 continet.
714 3011 938 3088 Quaecunque
954 3015 1087 3086 recepta
1103 3016 1188 3084 sunt,

113 3126 154 3170 ea
173 3109 329 3170 videmus
345 3111 440 3172 docte
456 3117 556 3190 atque
572 3107 743 3190 eleganter
758 3112 928 3174 illustrata.
966 3113 1007 3172 Et
1023 3127 1188 3172 summam

113 3211 248 3272 laudem
271 3215 579 3276 mereturscientia
602 3220 719 3288 ctare,
755 3216 874 3293 quibus
909 3214 1118 3276 adumbravit
1139 3215 1188 3279 iu·

114 3315 215 3394 genia
224 3315 434 3392 singulorum
449 3321 621 3394 poetarum
638 3317 900 3378 christianorum.
938 3317 1086 3376 Duorum
1109 3317 1189 3378 alio-

3 3451 5 3456 *
109 3436 186 3480 rum
200 3435 339 3496 operum
354 3421 469 3482 auctor
481 3424 532 3480 est
544 3419 756 3501 doctissimus
772 3421 980 3480 Iohannes
995 3419 1038 3480 M.
1054 3419 1188 3494 Neela,

4 3569 5 3596 p
112 3521 208 3582 euius
231 3538 357 3587 nomen
372 3522 526 3582 omnibus
542 3523 754 3600 hymnologis
779 3529 812 3583 et
833 3539 944 3583 rerum
959 3521 1187 3600 liturgicarum

4 3597 6 3716 J
110 3625 237 3701 peritia,
261 3623 397 3684 omnino
419 3625 574 3710 omnibus
590 3627 794 3688 amatoribus
807 3627 938 3702 priscae
954 3625 1114 3686 ecelesiae
1137 3638 1188 3686 ee-

4 3735 6 3788 2
109 3725 376 3812 lebratissimum
398 3732 457 3788 est.
501 3727 533 3787 Is
556 3727 689 3789 biennio
711 3733 788 3805 post
803 3727 957 3787 Trenchii
978 3727 1099 3788 librum
1122 3728 1189 3788 edi-

4 3813 5 3834 }
111 3830 177 3892 dit:
201 3831 359 3907 Hymni
391 3830 603 3892 Ecclesiae
637 3831 912 3893 eBreviariis
942 3830 1188 3909 quibusdam

112 3938 154 3994 et
175 3933 428 3995 Missalibus
452 3926 690 4006 Gallicanis,
715 3933 946 4006 Germanis,
976 3933 1188 4009 Hispanis,

110 4035 331 4120 Lusitanis
355 4037 585 4113 desumpti,
614 4029 817 4111 ata.1851;
855 4036 1190 4114 Sequentlaeex

109 4137 372 4201 Missalibus
410 4139 706 4212 Germanicis„
743 4138 957 4215 Angliols,
1004 4138 1188 4198 Gallicis

110 4242 302 4321 aliisque
326 4243 456 4303 medii
485 4241 580 4303 aevi
614 4241 836 4302 collectae.
881 4241 1007 4317 Quodsi
1029 4239 1187 4323 hocloco

109 4357 348 4420 memoramus,
370 4344 459 4406 inter
479 4341 585 4406 Nealii
601 4341 799 4422 Sequentias
821 4343 965 4422 primum
988 4342 1094 4403 editas
1111 4353 1186 4404 esse
1284 4419 1287 4424 Ι
