2848 5030
660 435 707 508 u
797 427 800 439 r

700 547 706 564 Ι

168 620 197 680 9.
219 619 260 678 Ut
280 622 391 678 intrare
413 619 566 678 valeamus
589 619 701 688 aulam,
725 636 802 696 quae
825 637 883 678 non
910 621 1018 696 recipit
1040 617 1130 678 ullam
1154 634 1215 680 me·

151 792 197 851 10.
221 791 267 848 Tu
289 705 596 867 quicssffitssaritatem
619 793 745 860 retines,
775 791 951 875 immortalis
971 790 1142 866 perdurasti
1163 793 1218 850 Mi·
1296 777 1298 785 ’

150 965 197 1022 11.
210 961 295 1020 =Post
317 877 446 1021 mddltaedd'
464 957 599 1038 requie'm
621 963 706 1020 nobis
728 961 901 1037 deprecare.

115 1117 119 1121 ’
231 1118 343 1174 Damus
365 1117 539 1174 Notlr'eriani
570 1119 707 1174 carminis
738 1119 929 1191 scriptionem
958 1115 1107 1179 scottos
1128 1116 1218 1179 Perii.

147 1202 238 1260 Thes.
262 1203 297 1261 H.
320 1223 349 1277 p.
374 1201 423 1262 24.
466 1201 556 1259 Mone
571 1201 594 1260 Ι.
615 1221 644 1276 p.
660 1201 709 1260 24.
754 1202 843 1259 Mune
865 1202 887 1260 1.
903 1221 932 1276 p.
955 1201 1027 1263 454.
1051 1219 1068 1260 e
1091 1207 1220 1276 quatuor

147 1287 234 1344 codd.
260 1305 338 1355 saec.
362 1287 412 1346 Xl.
438 1293 469 1345 et
490 1287 585 1344 tribus
609 1305 687 1344 saec.
712 1287 787 1345 xlv.
816 1293 847 1346 et
868 1288 930 1346 XV.
977 1289 1002 1346 1.
1032 1287 1217 1355 habentes,

147 1373 203 1430 sed
225 1376 356 1449 quinque
380 1372 467 1431 codd.
490 1377 576 1431 recte
598 1372 797 1430 habentem.
836 1373 962 1432 Sensus:
986 1372 1031 1432 Tu
1055 1390 1088 1430 es
1111 1375 1217 1432 civium

147 1465 317 1517 nostrorum
339 1467 494 1533 patronus,
517 1461 547 1514 in
569 1464 600 1515 te
616 1465 720 1519 nostra
742 1459 910 1518 continetur
925 1461 1081 1518 securitas.
1105 1459 1142 1518 ct
1158 1458 1218 1515 Cic.

146 1563 201 1619 pro
226 1545 303 1602 Sext
330 1544 377 1603 19.
393 1545 477 1604 -5,
500 1551 691 1620 perpetuo.
735 1544 762 1604 9.
786 1546 948 1603 introire.
976 1545 1020 1606 19.
1043 1546 1217 1602 retinens.

231 1630 349 1688 Titulus
372 1630 552 1708 Sequentiae
575 1636 622 1686 est
644 1630 822 1697 Graecae,
844 1646 913 1686 nam
936 1631 1072 1705 sequitur
1095 1627 1216 1690 modum

147 1715 342 1798 Sequentiae:
368 1717 466 1792 Agni
487 1715 687 1792 paschalis.

579 1883 623 1890 μ-
642 1882 763 1888 .---·--
773 1882 781 1888 .

168 2075 190 2132 h
235 1989 302 2144 llttl.
325 1975 473 2058 [Summi
492 1979 587 2065 repis
603 1977 815 2068 urctanpele
831 1975 997 2048 Miclrcet
1043 1987 1088 2045 De
1104 1987 1133 2044 s,
1156 1985 1217 2045 Ml·
1313 1937 1317 1952 ι

146 2091 162 2132 c
196 2091 237 2133 ae
260 2093 284 2133 e.

90 2260 96 2268 .
170 2231 195 2288 l.
219 2229 332 2286 Summi
353 2229 434 2306 regis
457 2227 638 2305 archangele

216 2315 377 2382 Michahcl,

195 2397 351 2468 'Intende
375 2416 567 2475 quaesumus,
590 2401 701 2458 nostris

216 2485 349 2554 vocibus,

166 2623 195 2684 2.
217 2621 259 2680 Te
282 2638 411 2696 namque
432 2623 606 2696 profitemur
629 2640 696 2680 esse

218 2725 414 2782 supernorum
435 2708 600 2782 principem
622 2710 737 2770 civium.

219 2793 262 2850 Te
283 2794 378 2850 Deum
401 2795 503 2868 generi
524 2794 653 2852 humano
727 2839 731 2848 .

219 2884 321 2936 orante
345 2878 512 2957 diriguntur
534 2880 642 2958 angeli,

167 3015 195 3074 3.
217 3013 264 3071 Ne
285 3011 408 3072 laedere
430 3015 548 3084 inimici,

216 3105 361 3176 quantum
384 3101 515 3175 cupiunt,
538 3101 652 3159 versuti
683 3113 685 3120 ’

215 3187 314 3244 lessus
336 3201 468 3261 unquam
489 3187 630 3243 mortales
653 3187 855 3262 praevaleant.

215 3270 298 3328 Idem
321 3276 406 3328 tenes
429 3273 567 3346 perpetui

213 3358 378 3434 potentiam
400 3356 540 3432 paradisi,

217 3460 336 3518 semper
360 3445 455 3500 sancti
478 3449 508 3499 te
530 3443 679 3500 honorant
702 3441 809 3517 angeli.

165 3581 193 3640 4.
216 3579 250 3638 Iu
273 3580 385 3654 templo
408 3583 441 3636 tu
463 3579 517 3636 Dei

217 3665 400 3728 thuribulum
423 3681 546 3722 aureum
628 3684 637 3699 ·

215 3753 298 3810 visus
323 3768 355 3808 es
378 3749 521 3806 habuisse
544 3747 688 3818 manibus,
740 3797 743 3815 ,

214 3836 287 3894 Inde
311 3835 459 3894 scandens
483 3853 577 3911 vapor

216 3927 349 3996 aromate
372 3921 499 3996 plurimo

214 4011 352 4084 pervenit
374 4013 443 4064 ante
467 4012 662 4082 conspectum
683 4005 746 4066 Dei.

164 4129 192 4188 5.
215 4127 260 4186 Tu
284 4126 437 4185 crudelem
459 4143 550 4201 quum
573 4125 734 4184 draconem
755 4126 824 4182 forti
846 4141 935 4184 manu
958 4131 1118 4193 straveren

215 4210 352 4270 faucibus
374 4213 454 4270 illius
477 4213 590 4269 animas
614 4213 717 4269 eruisti
738 4213 890 4285 plurimas.

214 4299 292 4356 Hinc
315 4300 473 4356 maximum
488 4297 644 4374 agebatur
664 4298 695 4354 in
717 4297 804 4373 coelo
826 4297 985 4364 silentium,

179 4377 186 4386 ’
215 4385 308 4442 millia
329 4385 452 4442 millium
474 4389 505 4442 et
527 4382 656 4442 dicuntz·
669 4383 752 4440 salus
774 4383 840 4460 regi
861 4381 993 4440 domino!
1102 4409 1105 4416 ¹
