2904 5028
695 389 698 392 ’
764 434 807 528 s

160 689 170 700 ,
251 619 392 696 plicatam
414 623 533 693 sumpta
549 617 658 691 duplex
679 618 835 680 invenitur.
872 613 1027 686 Quaedam
1041 616 1218 692 rhythmica,
1241 631 1314 692 quae

252 712 367 764 certum
388 723 542 764 nnmerum
558 703 744 777 syllabarum·
761 704 791 760 in
805 717 985 777 unaquaque
999 702 1136 763 clausula
1158 707 1189 758 et
1210 703 1239 758 in
1259 704 1314 760 flne

212 835 214 839 .
252 791 435 851 consimilem
458 792 568 849 exitum
590 787 715 846 duarum
728 792 946 861 postremarum
961 787 1145 861 syllabarum
1166 803 1232 844 curn
1253 789 1314 846 aliis
1405 849 1406 854 ,

158 882 162 886 ’
253 878 395 936 clausulis
418 867 554 934 servat:“
586 873 713 937 ethaeo
737 878 784 930 cst
806 889 842 930 ea
863 874 893 930 in
923 890 983 946 qua
1004 871 1138 930 adamus
1162 871 1199 936 dc
1221 871 1249 932 S.
1270 873 1315 930 Vi-

252 968 335 1020 ctore
357 961 443 1018 facile
465 961 606 1034 princeps
627 959 754 1017 exstitit:
784 973 844 1032 qua
866 957 903 1014 de
926 973 1018 1016 causa
1040 959 1206 1016 victorinae
1228 958 1315 1016 hasce

250 1063 411 1122 possumus
433 1061 542 1103 vocare
565 1035 747 1118 sequentias.
787 1043 875 1114 „Alia
888 1059 959 1100 vero
982 1061 1041 1100 non
1056 1037 1254 1116 rhythmica,“
1276 1045 1316 1098 in·
1406 1109 1407 1116 Ι

199 1137 202 1142 ’
252 1135 317 1207 quit
332 1131 543 1189 Clicbtcvaeus
559 1127 621 1204 (qui
635 1130 750 1186 minus
767 1127 811 1184 ad
832 1144 954 1187 aurem
976 1127 1177 1202 quamlibet
1197 1127 1315 1201 rhyth-

251 1218 341 1272 mica
364 1215 463 1271 dicere
486 1212 608 1282 debuit),
633 1230 731 1288 „qnae
754 1230 809 1270 nec
833 1211 1029 1271 determinato
1052 1212 1202 1290 clauditur
1232 1213 1316 1286 sylla·

249 1301 355 1357 barum
376 1293 536 1367 numer0,“
561 1298 628 1366 (hoc
658 1299 834 1374 plerumque
858 1298 968 1354 salsum
991 1303 1046 1364 est,
1076 1303 1110 1354 ut
1134 1299 1212 1356 infra
1241 1315 1317 1354 mon·
1402 1317 1404 1326 ’

252 1383 422 1450 strabimus)
447 1401 565 1458 „neque
593 1385 818 1450 consonantiam
847 1383 877 1440 in
905 1383 984 1442 exitu
1011 1387 1124 1440 certam
1151 1375 1315 1441 observat.“

250 1469 289 1528 Et
309 1471 386 1528 haec
411 1475 458 1526 est
479 1469 669 1526 Notkeriana.
1294 1471 1298 1476 ’

335 1625 380 1680 De
401 1623 590 1680 Notlrerianls
612 1618 748 1697 primum.
793 1622 901 1678 Mirum
913 1623 990 1678 enim
1012 1637 1102 1696 qnam
1118 1627 1222 1680 crassa
1243 1621 1318 1696 apud

253 1709 389 1765 homines
411 1710 454 1765 rei
477 1709 634 1782 liturgicae
656 1725 715 1764 non
737 1709 859 1782 ignaros
882 1706 921 1764 de
943 1723 1044 1763 earum
1066 1713 1163 1764 metro
1184 1709 1317 1782 ignoratn

251 1797 302 1862 tia,
324 1796 430 1850 mirum
453 1795 647 1868 quantumin
669 1794 744 1867 ipsis
766 1791 939 1850 Misselibus
965 1784 1015 1849 vel
1043 1795 1174 1849 incuriae
1211 1793 1260 1850 vel
1279 1794 1319 1848 ln·

251 1880 364 1937 scitica.
401 1879 473 1945 Nec,
497 1877 579 1953 quod
601 1879 703 1946 sciam,
725 1876 832 1934 Wolfio
854 1878 1020 1952 Monioque
1044 1879 1195 1951 exceptis,
1218 1878 1271 1934 ulli
1290 1879 1317 1934 in

250 1968 380 2020 mentem
408 1963 491 2020 venit
526 1964 648 2038 regulas
677 1961 875 2036 investigare,
905 1979 1011 2020 versus
1042 1962 1195 2030 ordinare,
1234 1963 1318 2019 coiri·

251 2047 349 2124 genda
371 2048 419 2106 uel
434 2047 572 2105 facillime
589 2050 747 2123 corrigere.
784 2047 823 2104 Et
838 2065 873 2104 ex
887 2047 945 2104 hoc
963 2049 1185 2122 sequentiarum
1202 2063 1316 2124 genere,

251 2135 321 2208 quia
352 2133 543 2190 solutioribus
579 2132 737 2192 videbatur
771 2133 885 2208 regulis
922 2135 1027 2201 teneri,
1057 2135 1087 2190 in
1116 2149 1205 2189 usum
1241 2134 1318 2191 v'cnll

250 2217 332 2275 aliud
346 2235 469 2285 nornen,
500 2217 628 2276 Prosa:
657 2217 739 2294 quod
760 2223 868 2293 postea
890 2217 1025 2274 omnibus
1048 2220 1215 2293 sequentiis
1245 2235 1318 2276 ccm-

249 2320 337 2366 mune
355 2303 418 2360 fult.

336 2457 500 2532 Sequentia
521 2458 613 2538 igitur
634 2456 824 2525 thkeriana,
849 2473 904 2517 seu
925 2455 1030 2525 Prosa,
1060 2474 1096 2514 ex
1124 2459 1240 2516 incerto
1269 2473 1318 2518 nu·
1409 2449 1410 2454 ’

250 2557 331 2601 mero
354 2559 495 2602 versuum
517 2545 651 2601 constat:
677 2543 786 2617 singuli
807 2560 913 2603 versus
935 2561 971 2600 ex
1000 2544 1114 2604 incerto
1138 2543 1319 2616 syllabarum

250 2644 381 2687 nurnero.
423 2628 536 2686 Versus
564 2627 625 2684 bini
655 2627 783 2696 ethici,
814 2628 974 2704 aliquando
1004 2628 1114 2702 plures,
1138 2627 1319 2702 respondent

250 2716 314 2770 tum
336 2711 472 2786 syllabis,
496 2718 560 2794 tum
580 2729 673 2787 saepe
696 2713 883 2781 accentibus,
911 2718 975 2770 tum
995 2712 1245 2772 intercisionibus.
1288 2711 1321 2768 In

249 2797 410 2872 plerasque
433 2799 510 2859 enim
529 2799 736 2858 intercisiones
760 2801 823 2857 sive
846 2799 996 2856 clssrsulas
1018 2815 1124 2858 versus
1148 2799 1258 2875 singuli
1280 2796 1319 2854 di-

210 2877 218 2894 *
250 2881 405 2943 visuntur:
430 2883 565 2956 exemplo
589 2883 719 2940 sithoc:

316 3034 365 3098 Sic
388 3039 418 3096 te
440 3033 623 3097 nasciturum
642 3023 647 3112 Ι
666 3033 720 3094 nn
741 3035 797 3094 Dei
816 3025 821 3114 Ι
841 3035 926 3094 saites
949 3034 1000 3094 tiro
1021 3035 1102 3094 docti
1121 3026 1126 3112 Ι
1145 3036 1278 3176 {piritu

314 3205 363 3264 Sic
385 3210 416 3262 te
439 3205 553 3266 criente
572 3193 577 3284 Ι
596 3205 702 3268 laudes
725 3207 778 3266 tibi
797 3195 801 3286 Ι
822 3207 944 3269 cantant
971 3223 1078 3282 pacem
1107 3126 1281 3284 terriielmnt

1001 3275 1111 3368 angeli
1133 3290 1279 3350 nbnbant.

255 3369 416 3382 -ι-ι-ι-ι-υ-
431 3373 453 3378 ..
463 3373 481 3378 ...

203 3543 205 3547 ,
251 3484 378 3540 Grates
391 3502 487 3566 ‚nunc
505 3501 636 3548 omnes,
653 3487 743 3554 Agni
760 3487 944 3554 paschalis
963 3502 1037 3549 esu,
1056 3485 1195 3558 Laudes
1214 3485 1320 3540 salva·

249 3553 334 3616 tori,
363 3554 490 3608 Summi
508 3555 729 3622 triumphum,
758 3555 880 3610 Sancti
901 3554 1054 3623 Spiritus
1082 3553 1185 3616 assit,
1217 3553 1320 3606 Bene·

251 3622 346 3675 dicta
376 3637 524 3689 semper,
554 3623 685 3678 Summe
711 3638 768 3676 rex
795 3622 945 3676 Christe.
988 3622 1025 3674 Et
1051 3623 1075 3674 is
1102 3621 1319 3690 Sequentisrum

250 3694 349 3743 cantus
360 3691 451 3743 adbuc
461 3690 581 3743 obtinuit
592 3691 628 3742 ad
641 3695 769 3758 tempora
782 3690 947 3758 Hieronymi
957 3689 1159 3758 Gucstphaliae
1177 3690 1256 3758 regis
1275 3686 1321 3768 qui
1390 3702 1392 3711 ¹

250 3773 312 3838 cum
331 3758 393 3838 aliis
415 3757 551 3840 ecclesiae
570 3758 671 3826 opibus
691 3766 719 3812 et
732 3759 852 3825 capituli
870 3758 1121 3812 Helberstadensis
1134 3757 1248 3811 divitias
1267 3758 1320 3809 dss-

250 3827 449 3948 tuitii·
463 3827 559 3948 titt
576 3825 888 3962 tristitiis·
902 3825 1054 3948 ,isitii
1068 3826 1177 3962 ,litii
1190 3826 1320 3947 iiia}

248 3964 334 4022 donn,
355 3961 421 4014 dass
441 3962 536 4016 dieser
554 3963 642 4015 burae
662 3963 791 4030 Sequens
810 3964 865 4016 den
883 3963 1051 4018 Pfarrberrn
1070 3963 1165 4030 gebel,
1185 3963 1241 4016 den
1257 3975 1320 4014 man

250 4030 301 4084 auf
312 4029 526 4084 ·Weihnachten
551 4031 657 4098 singet:
685 4031 788 4084 Grates
815 4045 889 4083 nunc
915 4047 1020 4086 omnes.
1055 4030 1137 4086 Ibrer
1163 4029 1227 4084 sind
1251 4027 1319 4086 auch

228 4099 327 4154 nicht
343 4099 400 4150 viel
418 4099 509 4162 mehr,
533 4099 579 4154 die
604 4101 675 4152 nach
698 4100 763 4152 dem
785 4099 866 4152 Geist
888 4099 1067 4161 scbmcoken,
1091 4100 1164 4154 cline
1190 4098 1236 4152 dic
1258 4101 1319 4152 man

250 4167 345 4234 cinget
361 4167 552 4234 cuPlingsten
563 4183 627 4220 vom
640 4167 666 4220 h.
678 4167 770 4220 Geist:
790 4167 887 4221 Sancti
898 4167 1019 4235 Spiritus
1038 4166 1116 4220 assit.
1143 4167 1230 4222 Item:
1248 4162 1318 4218 Veni
1374 4224 1382 4243 .

250 4237 347 4290 sancte
361 4235 491 4301 Spiritus,
511 4235 616 4288 welche
635 4236 706 4288 decb
720 4235 866 4290 cntweder
883 4237 954 4289 nach
968 4236 1074 4290 Essene
1088 4235 1157 4290 oder
1169 4237 1252 4288 unter
1270 4233 1318 4284 der

250 4304 361 4370 Vesper
370 4304 449 4363 oder,
468 4319 550 4356 wenn
568 4318 599 4355 es
618 4303 681 4356 dem
691 4303 808 4356 Biscbof
823 4303 928 4370 geliillt,
947 4307 1031 4357 unter·
1048 4305 1099 4356 der
1107 4303 1201 4356 Messe
1219 4303 1317 4367 migen

182 4409 185 4412 -
234 4386 398 4440 ,gestingen
415 4371 539 4426 werden.
560 4370 633 4426 Dan.
