2788 5024
96 624 209 683 Galliae
231 623 433 680 Narbonensis
463 607 615 696 oppidum)
643 621 789 678 educatus
819 625 964 694 patronus
994 627 1041 677 est
1071 622 1166 678 eccle-

99 713 159 768 siae
182 709 385 777 Paliantinae‚
409 725 487 782 quae
518 706 671 764 dexterum
694 708 758 764 eius
781 707 937 762 humerum
960 711 991 762 et
1012 707 1167 762 brachium

16 809 19 814 ’
97 801 240 855 asservat.

531 907 733 914 ——ss

183 1053 253 1112 603.
299 1037 417 1118 [Salve
439 1039 537 1105 salve
560 1043 687 1104 sancta
709 1059 855 1122 parens.
899 1049 934 1104 Iu
956 1049 1166 1106 Nativitate

97 1141 131 1196 B.
155 1141 188 1198 V.
210 1137 328 1195 Neale
352 1137 420 1208 Sep.
443 1153 471 1208 p.
497 1131 556 1190 179
581 1151 596 1188 e
619 1133 734 1190 Missali
757 1132 940 1190 Toruaceusi
966 1128 1065 1204 1540]

103 1281 127 1335 1.
142 1277 240 1342 Salve,
257 1273 349 1339 salve,
364 1272 476 1349 Sancta
490 1269 616 1326 Parens:
636 1271 662 1328 3.
675 1271 772 1326 Intrat
793 1269 846 1326 Ille
869 1275 958 1343 porta
975 1269 1084 1326 'clausa
1171 1297 1174 1300 ·
1237 1291 1244 1302 ’

143 1359 291 1418 Gabrielis
313 1355 405 1415 verbo
428 1373 548 1430 pareus,
677 1355 731 1411 Cui
753 1362 861 1410 natura
883 1373 937 1412 nec
962 1361 1009 1412 est
1031 1373 1105 1412 ausa
1174 1409 1178 1420 ,

90 1504 95 1512 ,
184 1444 318 1521 Verbum
337 1442 429 1501 verbo
453 1441 601 1514 concipis:
719 1441 781 1496 Nec
803 1445 911 1513 potens
935 1441 1093 1510 resistere;

143 1531 226 1588 Coeli
247 1533 344 1603 porta,
367 1532 473 1604 portus
496 1528 597 1594 maria,
677 1525 738 1582 Sed
760 1527 883 1582 miratur
907 1533 937 1582 et
960 1525 1081 1583 adorat:
1197 1553 1201 1559 -

143 1618 253 1674 Sancta
274 1619 369 1670 mater
392 1630 498 1686 expers
521 1613 611 1668 maris
675 1613 790 1667 Nomen
814 1611 905 1680 audit,
929 1630 991 1668 rem
1013 1615 1132 1686 ignorat

184 1701 268 1771 Quae
290 1705 427 1755 naturam
450 1697 571 1771 decipis.
718 1697 847 1770 Virginis
870 1714 1046 1770 puerperae.
1195 1689 1200 1697 ’

99 1823 202 1882 2Rcs
221 1823 251 1878 in
272 1819 370 1877 vellus
391 1823 426 1873 ut
448 1814 613 1882 descendit,
633 1816 662 1872 la.
677 1815 726 1888 Sic
748 1815 886 1888 perflavit
908 1817 1020 1872 Auster
1044 1817 1168 1873 hortum

78 1915 90 1930 ‘
139 1908 223 1964 Sicut
244 1907 353 1961 vitrum
375 1903 422 1958 sol
444 1900 590 1967 accendit,
677 1901 711 1956 In
734 1917 793 1973 quo
818 1903 895 1956 sacri
917 1903 998 1957 floris
1021 1909 1140 1975 portum

184 1992 222 2048 Et
244 1990 352 2046 transit
373 1988 518 2054 innoxius,
719 1984 840 2058 Rigavit
861 1985 1044 2054 Paraclitus;
1151 1984 1156 1989 ’

143 2077 191 2134 Sic
222 2073 378 2132 obumbrat
399 2073 499 2128 Virtus
521 2070 629 2138 Patris,
673 2071 707 2126 In
730 2088 762 2126 se
786 2071 894 2128 clausit
917 2073 1006 2129 stella
1028 2073 1123 2129 selem

143 2163 192 2220 Sic
214 2157 375 2217 foecundat
398 2159 493 2215 sinum
515 2157 630 2224 Matris
681 2157 757 2212 Dum
780 2159 919 2230 concepit
940 2158 1031 2232 Virgo
1054 2158 1168 2231 prolem

183 2249 246 2306 Imo
269 2245 438 2321 gloriosius.
502 2307 505 2312 Δ
718 2242 800 2298 Nutu
824 2242 925 2298 Sancti
948 2242 1084 2316 Spiritus.

327 2364 356 2422 5.
391 2363 538 2420 Gabrielis
562 2360 627 2418 Ave
650 2366 786 2418 sanctum

393 2449 474 2506 Evae
496 2465 613 2514 nornen,
636 2447 717 2505 Evae
739 2449 892 2522 planctum

434 2535 587 2591 Convertit
607 2535 638 2588 in
660 2533 784 2606 gaudia:

391 2621 446 2676 Illo
463 2615 561 2676 'verbo
585 2619 708 2675 salutari

391 2706 450 2761 Per
471 2723 527 2760 nos
551 2704 624 2761 velis
648 2705 784 2762 salutari:

435 2791 499 2849 Ave
521 2789 612 2864 plena
634 2791 739 2870 gratia

185 3087 255 3148 604.
281 3073 441 3160 [Liparum
469 3071 560 3139 vitae
586 3039 801 3159 quaerimus
845 3081 904 3140 Per
936 3085 1081 3166 Octauiam
1103 3087 1168 3142 Na-

34 3259 37 3266 *
99 3181 119 3316 t¹
121 3193 162 3317 18νὸ
163 3194 185 3316 13
181 3168 254 3330 tagi=
260 3169 387 3321 εἳξῂν.
404 3169 435 3226 Ε.
451 3168 567 3225 Missali
589 3168 760 3226 Mutinensi.
776 3168 931 3228 Ecclesiol.
954 3169 1070 3238 XCVII.
1088 3173 1165 3246 Aug.

103 3396 129 3452 1.
142 3393 269 3466 Lignum
291 3391 371 3447 vitae
394 3391 573 3463 quaerimus,
633 3390 660 3448 3.
674 3391 757 3448 Haec
779 3393 870 3466 Virgo
893 3409 1051 3466 puerpera,

60 3517 65 3528 .
144 3478 201 3548 Qui
223 3479 314 3535 vitam
330 3469 487 3530 amisimus
677 3479 759 3534 Haec
784 3494 855 3532 crux
879 3477 1040 3544 salutifera,

185 3563 296 3620 Fructu
317 3560 391 3634 ligni
413 3561 512 3621 vetiti:
720 3562 816 3617 Ambo
838 3562 922 3636 ligna
943 3563 1085 3634 mystica:

143 3651 206 3707 Nec
227 3649 380 3705 inventurn
401 3647 518 3705 noverit
676 3647 758 3703 Haec
781 3663 912 3721 yssopus
934 3647 1063 3715 humitis,
1085 3673 1129 3686 -

143 3735 200 3806 Qui
223 3735 352 3790 fructum
374 3750 434 3788 non
455 3729 564 3788 viderit
678 3733 733 3788 Illa
756 3731 864 3788 cedrus
887 3732 1004 3800 nobilis,

185 3819 409 3878 adhaerentem
432 3818 532 3890 stipiti.
693 3841 696 3849 ·
717 3817 852 3892 Utraque
875 3817 999 3876 vivifica.

100 3939 129 3999 2.
138 3941 276 4008 Fructus,
298 3956 353 4013 per
375 3955 465 4013 quem
484 3938 603 4005 sivitur,

142 4026 267 4093 Pendet,
290 4026 369 4082 sicut
393 4023 532 4091 creditur,

183 4112 313 4186 Virginis
336 4109 374 4166 ad
396 4110 516 4166 uberaz.
634 4109 662 4166 4.
675 4109 796 4166 Positus
818 4109 848 4166 in
869 4107 977 4178 medio,

69 4191 72 4194 ’
142 4194 180 4252 Et
201 4195 239 4252 ad
262 4211 381 4252 crucem
402 4197 510 4252 iterum
674 4194 739 4264 Quo
762 4213 809 4252 me
831 4201 946 4254 vertam
967 4195 1083 4252 nescio:

59 4289 62 4294 '
142 4280 316 4338 intervisas
332 4282 479 4338 scelerum
673 4281 706 4337 In
728 4281 787 4337 hoc
811 4280 890 4338 dulci
913 4281 1002 4338 dubio

183 4367 296 4424 Passus
319 4369 449 4444 quinque
471 4366 604 4425 vulnera.
674 4367 848 4448 Dulcis‘est
870 4367 1000 4428 collatio.
