2724 5026
661 519 669 534 1

223 607 395 674 aeterna,
417 601 459 656 ln
483 617 519 657 se
541 600 653 656 nobis
675 601 756 656 rita
779 605 950 666 aeterna,
974 617 1048 674 quas
1073 597 1288 656 retinuitha·¹

139 721 141 725 ·
221 689 288 746 lius.
334 687 374 743 At
395 704 471 744 veno
494 688 632 760 inspecta
654 690 782 759 sequent
770 685 811 740 tia
826 687 1007 752 normativa,
1029 686 1173 758 largietur
1193 685 1273 740 nobis.
1360 735 1361 754 5

221 773 256 830 V.
279 773 314 828 D.
338 789 426 828 unam
450 769 633 828 solommodo
656 765 809 826 ferendam
832 787 908 826 esse.
953 771 1166 827 Laborarunt'
1159 788 1188 825 1n
1209 769 1276 826 clau·
1360 771 1361 836 g

223 858 289 914 sula
308 857 447 914 carminis
474 856 659 956 subobscura
685 857 878 941 interpretes:
922 853 993 912 inde
1021 855 1104 922 fluxit
1127 856 1276 928 scripturae
1359 841 1361 868 ¹

221 945 359 1001 varietas.

308 1181 380 1238 465.
410 1167 527 1248 [Saloe
543 1169 718 1255 splendor
735 1168 956 1253 firoramenli.
997 1177 1096 1302 DeS.
1118 1177 1276 1236 Erhardo
1360 1157 1361 1164 '

221 1266 311 1324 roes
334 1261 528 1338 11.p.163.l
609 1351 612 1360 1

664 1430 858 1440 —-.——--.

186 1611 189 1618 f
223 1565 295 1630 4662
340 1559 485 1641 [Beatus
508 1561 611 1644 ipitius·
631 1559 789 1626 Maurus
812 1559 1008 1628 clarissimo
1028 1578 1160 1645 555555
1181 1561 1301 1625 ortua

222 1657 267 1713 Be
296 1655 325 1714 S.
349 1656 485 1712 Mauro.
531 1649 577 1712 Du
598 1653 825 1712 MerilPoesies
848 1659 904 1710 etc.
928 1653 951 1710 1.
973 1673 1004 1728 5.
1029 1653 1096 1712 173.
1121 1646 1178 1730 sq]

246 1779 273 1834 l.
296 1776 409 1832 Beatus
431 1775 523 1848 igitur
545 1774 677 1856 Maurus,
702 1774 866 1830 clarissimo
875 1779 1103 1846 genereortus,
1124 1770 1279 1830 Benedicta

417 1861 614 1929 ‚sanctissimo
628 1857 792 1914 duodennis
808 1857 935 1914 traditus
948 1863 997 1915 555
1009 1858 1195 1915 nutriendus.
1216 1857 1277 1912 Buo.

244 1948 274 2014 2,
298 1945 371 2016 Qui,
402 1945 472 2000 dum
494 1945 578 2000 bonis
601 1939 697 2000 iunior
718 1944 847 2018 polleret
868 1943 1015 2012 moribuS,
1045 1947 1137 2024 coepit
1159 1941 1280 2017 magistri
1360 1963 1361 1966 ¹

398 2025 511 2086 fortis
541 2029 658 2086 adiutor
689 2037 806 2103 semper
835 2045 970 2097 manere;
1000 2029 1080 2086 hunc
1109 2019 1280 2086 Benedictus
1359 2077 1361 2104 ᾧ

198 2175 202 2187 f
424 2115 502 2171 beat’
482 2116 614 2172 tissimus
635 2131 708 2188 prae
732 2119 820 2171 cunct
821 2116 846 2171 is
808 2113 971 2171 tdilcxit
994 2119 1024 2171 et
1042 2117 1191 2172 instruxit.
1171 2113 1281 2170 t.Buo
1360 2119 1361 2126 ’

243 2202 272 2260 3.
296 2201 351 2257 Hic
389 2205 441 2256 aut
443 2218 490 2256 em
526 2205 596 2274 post
639 2201 836 2274 magistrum
853 2201 895 2255 sic
938 2201 1070 2257 moribus
1105 2217 1209 2256 omnes
1242 2213 1282 2253 er·
1360 2225 1361 2292 5

424 2285 534 2353 5511555,
558 2289 590 2340 55
613 2283 786 2359 diligeretur
808 2287 905 2342 carius
928 2287 1082 2344 universis
1126 2285 1200 2344 Euo.

242 2371 270 2429 ll.
294 2371 320 2428 0
342 2371 432 2427 beata
455 2369 625 2426 obedientia
648 2387 707 2444 qua
737 2375 767 2426 55
790 2371 925 2444 magistri
952 2373 1047 2428 virtus
1071 2370 1238 2427 ostenditur
1257 2371 1282 2424 et
1358 2397 1361 2456 ⁴3

343 2491 347 2509 .
427 2456 566 2528 discipuli
587 2457 724 2526 meritum
749 2455 969 2528 comprobatur,
994 2461 1024 2513 et
1045 2456 1194 2512 humanos
1210 2471 1282 2530 gres·
1360 2517 1361 2532 χ

427 2559 485 2598 sus.
500 2540 587 2596 undis
623 2541 787 2598 ferentibus
818 2539 992 2598 mirabiliter
1017 2541 1165 2615 puerulus
1187 2541 1282 2598 libera·

424 2628 485 2694 tur!
509 2625 584 2681 Euo.
692 2671 695 2686 .

179 2703 188 2720 '
242 2711 269 2770 5.
294 2711 422 2768 Sanctus
461 2710 588 2786 denique
625 2711 748 2767 Maurus
790 2709 860 2767 dum
894 2711 1013 2788 longius
1052 2727 1119 2768 cum
1150 2710 1282 2768 fratribus
1348 2669 1361 2738 '¹

424 2795 462 2852 ad
471 2813 562 2870 opera
572 2801 654 2852 esset
675 2813 832 2865 reversus,
855 2797 971 2854 invenit
991 2795 1141 2873 quendam
1166 2813 1283 2872 puerum

426 2881 564 2938 claudum
598 2887 629 2937 et
666 2878 788 2950 mutum,
823 2883 853 2938 in
874 2883 981 2939 itinere
1015 2885 1174 2942 iacentem.
1205 2881 1280 2936 ‘Euo
1349 2940 1353 2949 ,

242 2967 269 3028 6.
293 2967 333 3024 At
355 2967 421 3034 ille,
449 2968 600 3040 piissimus
622 2971 656 3022 ut
679 2971 759 3035 erat,
785 2957 1099 3042 lacrimisprofusus‚
1128 2969 1159 3024 in
1183 2969 1282 3024 oratio·
1359 2973 1361 3032 i

396 3049 491 3106 'nem
512 3057 697 3125 prostratus,
724 3053 804 3108 hunc
827 3069 931 3110 sanum
961 3057 992 3110 et
1013 3054 1192 3110 incolumem
1221 3053 1281 3108 cou'·

424 3138 505 3192 tinuo
528 3136 665 3194 reddidit.
708 3137 779 3194 Buo.

235 3206 268 3280 ἱ7.
288 3221 383 3280 Unius
407 3224 505 3278 tantas
514 3222 637 3278 Maurus
652 3224 823 3279 miseratus,
835 3239 1010 3292 aerumunas,
1033 3225 1165 3280 restituit
1182 3221 1280 3280 claudo
1359 3263 1361 3308 3

414 3325 560 3382 gressum
582 3313 724 3382 mutoque
746 3309 903 3383 loquelam.
948 3309 1020 3368 Euo.

240 3394 268 3451 8.
292 3393 364 3450 Η555
388 3399 488 3449 autern
518 3391 588 3448 dum
618 3399 738 3450 sanctus
767 3399 855 3468 pater
881 3393 1064 3452 Benedictus
1094 3393 1225 3464 audiret,
1255 3396 1280 3449 in
1354 3389 1361 3442 ι’

423 3495 531 3552 magna
553 3477 695 3551 deinceps
717 3481 776 3534 iam
796 3481 988 3536 veneratione
1004 3483 1117 3554 rcoepit
1153 3486 1282 3538 sanctum

419 3564 557 3620 Maurum
579 3563 704 3632 habere,
736 3581 825 3638 quern
846 3565 909 3622 Deo
946 3567 988 3621 ita
1016 3557 1201 3640 proximum·
1221 3580 1281 3623 esse

420 3649 547 3706 videbat.
591 3649 664 3706 Euo.

239 3733 266 3792 9.
289 3733 375 3790 Beati
398 3734 494 3790 Mauri
518 3736 644 3832 cognita·
653 3735 834 3807 praesentia,
858 3752 975 3792 eaecus
979 3741 1120 3810 precatur
1135 3744 1168 3794 ut
1189 3738 1281 3804 lumen

422 3821 562 3892 recipiat;
599 3821 709 3876 cuius
727 3821 772 3879 vir
802 3826 924 3876 sanctus
955 3837 1045 3894 prece
1072 3828 1170 3881 motus
1199 3821 1282 3878 nimia

423 3904 534 3990 orando
558 3905 615 3961 sibi
639 3905 720 3978 quod
742 3905 880 3978 deposcit
901 3907 1050 3980 impetrat.
1094 3907 1201 3966 Euo.¹

117 3984 121 3990 ’
221 3987 267 4046 10.
291 3988 342 4045 Vir
378 3977 509 4046 Domini
528 3990 638 4046 beatus
675 3991 812 4058 Maurus,
859 3991 1081 4050 detrahentium
1118 3993 1172 4048 sibi
1207 3993 1281 4048 iusta

421 4074 526 4133 dolens
550 4076 710 4149 supplicia,
740 4077 870 4132 lacrimis
894 4081 925 4132 et
945 4077 1085 4150 precibus
1108 4084 1141 4136 ut
1164 4079 1206 4134 eis
1225 4076 1293 4132 Do·

417 4162 517 4216 minus
532 4162 733 4230 misereretur,
758 4163 893 4219 obtiniut.
925 4162 998 4218 Euo.

218 4245 265 4302 11.
287 4243 333 4302 Ita
355 4262 411 4320 555
445 4246 543 4308 Mauri
565 4247 702 4304 meritum
735 4249 795 4304 vini
823 4246 982 4320 redundat
1001 4249 1156 4316 vasculum
1181 4251 1215 4302 ut
1236 4244 1281 4302 uui

419 4331 501 4412 quod
522 4333 571 4404 vir
594 4333 668 4388 satis
691 4337 807 4390 est'tot
830 4334 966 4390 sitientes
989 4335 1087 4393 satiet.
1119 4333 1199 4390 ⁴Euo.
1241 4405 1243 4407 Ι
1276 4349 1280 4360 ·
