2728 5028
147 592 149 602 ’
267 577 271 583 ’
295 651 299 660 χ
378 593 455 661 lum
473 591 598 680 fascea
620 594 719 662 tiator
736 591 836 680 feret
856 597 892 660 et
911 595 1113 662 minantem.

321 693 365 748 De
385 695 412 749 S.
435 694 540 749 Ioanne
558 694 763 763 Nepomueeno.
798 696 843 748 Ad
863 697 1008 750 secundas
1020 697 1197 766 vesperas(

301 813 310 824 ³
405 825 467 883 Iam
489 825 587 882 fasces
609 825 697 882 lictor
718 826 804 893 ferat,
828 830 859 882 et
880 827 1041 884 minantem

405 911 468 968 Iam
490 912 573 968 ferox
595 927 706 980 ensem,
728 910 924 988 rabidumque
946 913 1033 970 tortis

390 996 535 1056 ·Vineulis
557 989 676 1065 ferrum,
701 999 839 1054 sacrani
862 988 1016 1056 Sacerdos
1082 1051 1084 1060 ,

409 1106 411 1110 ’
514 1081 624 1139 Abdita
645 1081 767 1158 pandat.
830 1115 840 1136 .

361 1201 380 1262 5
404 1201 519 1260 Sentiet
538 1204 627 1271 vires,
652 1204 827 1278 animaeque
849 1219 977 1278 magnae

356 1353 358 1360 y
403 1285 565 1364 Prodigum
586 1294 709 1362 peetus:
732 1289 881 1347 violentus
904 1291 948 1346 ira
1045 1309 1049 1325 ⁶

350 1412 354 1422 ,
401 1371 468 1430 Non
491 1375 587 1449 quatit
608 1376 685 1432 reeti
707 1373 803 1432 solida
826 1378 962 1432 tenacem
1048 1379 1050 1384 ’

512 1459 613 1516 Mente
637 1460 766 1516 satelles.

336 1579 342 1584 '
402 1578 447 1635 En
469 1580 529 1636 ruit
549 1595 697 1654 praeceps
720 1579 883 1650 tumulatus
906 1577 986 1636 unda

345 1663 383 1722 10
404 1665 529 1738 Martyr,
554 1670 585 1720 et
606 1666 700 1722 fluctu
722 1664 841 1740 placido
865 1659 1002 1723 silentem

400 1749 570 1826 Naufragus
592 1750 725 1826 linguam
747 1751 877 1808 melioris
900 1753 966 1808 aevi
1008 1821 1011 1831 ,

511 1835 617 1894 Servat
638 1837 668 1892 in
690 1853 784 1894 usum.

399 1955 441 2012 At
464 1957 651 2030 superiectae
673 1957 754 2012 facili
776 1961 915 2014 natantes

399 2039 495 2098 Amne
519 2040 696 2110 discurrunt,
719 2042 903 2117 rutilantque
926 2044 1006 2100 eirea
1024 2052 1043 2082 ’-

342 2125 380 2185 15
403 2127 568 2202 Martyrem
579 2128 728 2184 flammae:
739 2128 816 2184 bene
832 2133 921 2204 geste
934 2127 1083 2204 plaudens

374 2233 380 2244 ·
509 2213 604 2270 Ornat
626 2213 782 2288 Olympus.

399 2331 493 2388 Ornat
516 2335 546 2389 et
567 2332 710 2408 linguam,
733 2334 813 2389 rosei
834 2333 931 2390 instar
952 2335 1040 2409 iguis,

379 2415 534 2487 lividam
556 2435 689 2487 servans,
714 2423 744 2475 et
765 2417 864 2476 adhue
885 2417 1051 2488 rubentem,

397 2501 522 2572 indicat,
546 2521 694 2580 quaenam
714 2505 804 2561 suerit
826 2506 953 2562 tacentis

336 2587 378 2648 2⁰
507 2587 610 2647 Gratia
630 2590 774 2665 Linguae.

397 2708 670 2778 sudaturam,
694 2710 871 2784 Genitoque,
896 2709 1038 2768 Sanctum
1105 2757 1107 2764 ,

365 2792 374 2808 '
398 2795 539 2868 Spiritum
561 2794 694 2863 laudent,
721 2794 910 2872 ab-utroque
931 2798 1014 2870 puris

293 2885 298 2900 “
397 2879 455 2949 Qui
477 2882 557 2937 calet
578 2881 713 2947 flammis,
738 2882 801 2938 sine
823 2881 882 2938 fine
903 2882 1038 2955 psallens

511 2965 599 3022 Orbis
623 2971 760 3042 uterque.

502 3125 648 3214 Mortpr
673 3121 738 3194 net
765 3125 974 3198 Venantins.

352 3226 397 3281 De
416 3227 443 3280 S.
462 3227 610 3281 Venantio.
647 3225 762 3295 (XVIII.
781 3227 869 3294 Maii.)
904 3229 950 3280 Ad
969 3225 1121 3296 vesperas.

264 3357 381 3432 Martyr
401 3359 457 3416 Dei
479 3359 652 3426 Venantum,
802 3357 863 3416 Sed
885 3360 949 3416 eius
971 3360 1163 3433 innocentiae

263 3445 336 3512 Lux,
361 3449 391 3502 et
414 3443 507 3502 decus
531 3444 721 3514 Camertium,
742 3445 779 3503 10
801 3443 902 3501 Pareit
923 3444 1043 3500 leonum
1065 3447 1237 3512 immanitas,

264 3530 390 3588 Tortore
413 3533 502 3597 victo,
527 3535 558 3586 et
579 3529 687 3598 iudice,
801 3529 960 3604 Pedesque
975 3516 1260 3604 lambuntMartyris,
1359 3541 1360 3548 ¹

262 3616 376 3674 Laetus
399 3615 582 3704 triumphum
598 3616 734 3672 concinit.
800 3615 876 3682 Irae,
899 3615 1046 3690 famisque
1076 3618 1260 3674 immemores¹
1359 3627 1360 3630 ’

221 3735 357 3794 ltAnnis
380 3753 463 3810 puer,
487 3739 558 3810 post
579 3733 714 3812 vincula,
800 3736 895 3792 Verso
919 3734 1059 3792 deorsum
1081 3737 1193 3794 vertice

180 3869 184 3886 ,
262 3821 338 3879 Post
353 3811 500 3889 carceres,
516 3825 587 3895 post
600 3819 735 3888 verbera,
801 3821 928 3878 Haurire
950 3823 1063 3878 fumum
1086 3815 1217 3898 cogitur:

261 3908 369 3982 Longe
391 3908 470 3966 fame
491 3905 686 3964 frementibus
741 3906 779 3965 15
803 3905 911 3964 Custos
927 3909 1086 3984 utrimque,
1111 3913 1142 3966 et
1155 3909 1260 3966 viscera

263 3991 354 4050 Cibus
378 3991 466 4050 datur
487 3991 633 4050 leonibus.
800 3991 953 4049 Suoeeusa
974 3994 1091 4068 lampas
1113 3993 1229 4052 ustulat
1302 4011 1307 4022 ‘

393 4168 397 4178 ,
504 4112 550 4170 Sit
570 4110 637 4168 laus
659 4110 752 4179 Patri,
776 4113 814 4168 sit
836 4111 919 4180 Filio,

503 4197 629 4272 Tibique
652 4197 761 4254 Sancte
785 4196 929 4270 Spiritus;

492 4283 547 4358 ‚Da
568 4299 623 4356 per
642 4299 749 4357 praees
772 4283 916 4342 venantii·-

436 4367 477 4428 20
499 4368 593 4426 Beata
615 4369 700 4426 uobis
723 4367 841 4444 gaudia.
