2822 5026
703 427 761 473 um

286 583 457 644 Hactenus
479 583 521 644 de
543 583 742 660 hymnorum
764 582 903 646 delectu.
948 583 1044 660 Quod
1065 585 1108 646 ad
1131 585 1272 664 disposi-

201 687 327 770 tionem
350 685 476 758 attinet,
499 685 711 746 traditionem
734 685 895 746 ecclesiae
917 686 1143 750 inThesauro
1167 673 1273 770 secuti

202 803 334 861 sumus,
356 789 493 848 minime
515 791 629 848 tamen
650 787 684 847 ld
706 788 870 848 habentes
891 790 1113 866 propositum,
1140 794 1179 851 ut
1200 791 1273 852 eius

186 889 366 952 yindicem
388 889 511 968 ubique
534 905 711 966 ageremus
754 889 803 949 Ea
818 889 858 950 dc
873 905 909 950 re
924 890 959 950 in
973 891 1177 967 praefatione
1191 893 1274 954 tomi

99 1053 104 1062 ,
200 993 225 1054 Ι.
247 993 448 1054 sententiam
470 1007 579 1052 meam
602 991 649 1052 ita
671 991 866 1068 exposuisse
886 992 969 1052 mihi
990 993 1133 1066 videbar,
1156 998 1194 1054 ut
1215 994 1273 1055 du-

202 1095 353 1154 bitationi
376 1099 433 1156 sut
455 1095 557 1154 errori
579 1094 671 1154 locus
691 1109 760 1154 non
781 1093 1030 1172 relinqueretur,
1051 1113 1081 1171 p.
1096 1096 1157 1156 Vll
1178 1093 1272 1175 sq.*),

201 1197 397 1274 praesertim
421 1213 523 1274 quum
546 1197 617 1272 ipse
640 1211 707 1256 non
730 1197 835 1256 semel
857 1197 892 1256 in
914 1196 1185 1261 adnotationibus
1206 1203 1274 1258 tra·

203 1299 362 1359 ditionem
384 1299 419 1358 in
435 1299 572 1358 dubium
587 1297 802 1358 vocavissem.
845 1297 971 1360 Verum
986 1301 1099 1362 tamen
1114 1301 1274 1376 Munium,

202 1401 235 1461 id
258 1399 346 1479 quod
367 1399 465 1460 valde
488 1400 596 1472 doleo,
619 1399 695 1476 plus
717 1415 782 1460 uno
805 1399 878 1460 loco
900 1401 968 1460 vidi
991 1401 1136 1478 opinari,
1154 1419 1209 1464 me
1232 1403 1274 1464 de

202 1503 383 1573 nominum,
407 1519 492 1580 quse
514 1502 647 1576 hymnis
669 1503 815 1577 praefixa
830 1506 916 1576 sunt,
937 1503 1190 1580 veritateplane
1205 1521 1274 1566 cer·
1355 1573 1358 1580 ,

202 1609 272 1666 tum
296 1619 384 1676 csse,
408 1609 490 1664 ete.
514 1621 544 1679 g.
565 1603 649 1662 nihil
671 1603 1004 1681 unquamdubitare,
1035 1605 1114 1683 quin
1137 1605 1273 1668 Carolus

201 1709 347 1783 Magnus
370 1707 530 1781 hymnum
552 1706 660 1765 Veni
683 1701 855 1766 creator
876 1707 1034 1782 punxerit.
1078 1708 1186 1782 Quam
1202 1709 1273 1768 Μο-

201 1809 248 1869 nii
270 1808 478 1886 iniquitatem
501 1823 542 1866 ea
564 1807 604 1866 de
628 1821 729 1868 causa
752 1823 983 1882 commemoro,
1005 1813 1043 1870 ut
1063 1824 1169 1870 novos
1185 1826 1273 1870 erro·

201 1926 255 1972 res
277 1913 493 1987 praevertam.
536 1909 630 1969 Nunc
653 1909 742 1969 enim
764 1910 880 1984 hymni
902 1909 1054 1986 dispositi
1070 1918 1148 1972 sunt
1162 1928 1202 1972 ex
1216 1929 1274 1973 an·

202 2014 354 2092 tiquitate
378 2012 536 2084 codicum,
558 2012 611 2072 vel
634 2027 675 2071 ex
696 2015 805 2072 astute
829 2027 945 2072 corum
960 2013 1164 2090 scriptorum,
1186 2016 1274 2092 apud

204 2131 287 2194 quos
310 2119 400 2176 certa
422 2119 474 2174 est
495 2114 626 2174 illorum
649 2129 755 2192 eaque
777 2115 883 2190 prima
911 2115 1051 2188 mentio,
1088 2131 1154 2194 qno
1183 2117 1286 2190 iuxta

202 2219 309 2291 illam,
346 2233 446 2295 quam
469 2217 660 2276 Thesaurus
683 2216 801 2276 ducem
823 2217 967 2294 sumpsit
988 2217 1268 2278 ecclesiaetradi-

201 2321 335 2393 tionem,
356 2334 634 2397 persequeremur
656 2319 754 2378 aliam
776 2319 881 2390 viam,
911 2321 945 2378 et
967 2335 1041 2378 eam
1063 2319 1098 2378 in
1120 2335 1156 2379 re
1176 2319 1270 2396 hym·

203 2423 358 2498 nologica
391 2421 480 2482 haud
503 2421 766 2498 inopportunam.
811 2418 845 2480 Si
879 2435 1110 2494 commemoro,
1148 2421 1272 2482 saeculi

203 2525 367 2600 adscripto
389 2539 530 2584 numero
553 2527 698 2584 aetatem
719 2521 846 2598 primae
868 2521 971 2596 sedis,
992 2537 1061 2584 nou
1082 2527 1202 2598 poetae
1224 2523 1273 2584 lu-

178 2629 179 2634 ’
203 2627 312 2700 dicari,
335 2643 375 2686 ea
397 2614 644 2704 supervacanea
668 2624 839 2702 diligentia
861 2625 966 2686 videri
986 2627 1111 2702 potest3
1136 2625 1195 2686 sed
1216 2641 1272 2686 ve·

202 2731 259 2790 nia
281 2729 325 2789 sit
347 2734 481 2805 experto
503 2727 720 2804 improvisum
743 2727 784 2787 de
807 2743 926 2788 sereno
948 2727 1041 2788 coelo
1063 2728 1222 2802 nimbum,
1244 2728 1274 2790 si

202 2831 269 2893 iam
292 2835 408 2892 cautus
432 2831 515 2892 sudo
538 2847 604 2891 non
620 2829 722 2890 audet
737 2829 957 2904 deambulare,
980 2831 1045 2891 nisi
1060 2843 1174 2891 secum
1190 2830 1275 2892 ierat

181 2951 268 3014 xquo
290 2933 623 3012 pluviamdeiendat.
645 2961 688 2974 -
716 2933 753 2992 In
776 2932 964 3012 sequentiis
987 2932 1112 2992 ordinis
1134 2933 1271 2992 chrono-

202 3037 303 3114 logici
333 3035 521 3098 observatio
552 3051 620 3096 non
641 3035 791 3096 obscuris
823 3034 996 3096 decausis
1026 3034 1136 3096 miuus
1159 3049 1273 3096 ueces-

204 3154 432 3162 ...—.———..—-.

204 3218 369 3280 poussent.“
387 3245 422 3254 -
439 3214 514 3267 Nihil
533 3215 607 3268 euim
624 3215 763 3268 voluimus
788 3215 863 3268 aliud
882 3229 964 3282 quam
983 3214 1156 3282 significare,
1184 3213 1213 3266 iu
1232 3213 1273 3266 di·

203 3281 353 3336 iudicanda
373 3284 408 3336 de
427 3283 550 3350 antiquis
569 3285 735 3352 hymnorum
752 3283 850 3336 formis
868 3282 1022 3336 Brevioriis
1039 3281 1171 3344 Romani,
1190 3281 1273 3350 quale

202 3365 276 3403 nunc
294 3355 346 3414 cst,
366 3367 482 3419 parcum
500 3352 545 3404 vel
562 3352 666 3404 nullum
685 3367 749 3404 esse
766 3366 855 3403 usum.

271 3420 296 3486 *)
314 3449 348 3460 -
365 3449 399 3458 —-
417 3419 540 3488 „Hymni
563 3421 703 3488 quomodo
727 3419 896 3486 disponendi
919 3422 1015 3472 essent
1033 3419 1081 3472 diu
1099 3420 1273 3485 multumque

203 3503 311 3540 mecum
329 3488 473 3556 reputavi,
500 3503 591 3554 coque
609 3488 638 3540 iu
655 3487 771 3555 negotio
794 3487 902 3539 animus
921 3487 1020 3553 (libere
1038 3488 1112 3540 enim
1129 3484 1273 3539 fatendum

200 3559 259 3620 est)
279 3571 364 3623 saepe
384 3556 591 3608 diversissimas
609 3556 639 3608 iu
656 3561 753 3622 partes
772 3555 927 3608 distractus
945 3559 996 3608 est.
1032 3555 1124 3620 Quum
1143 3556 1180 3607 ad
1191 3554 1274 3621 liqui-

199 3625 270 3677 dum
287 3624 405 3691 perduci
424 3639 478 3676 nou
495 3627 594 3692 posset
612 3623 754 3692 quaestio,
783 3638 838 3689 quo
861 3623 982 3690 quisque
1003 3625 1123 3690 hymnus
1144 3625 1273 3689 tempore

204 3693 376 3759 compositus
403 3696 493 3754 essct,
528 3695 686 3759 temporum
717 3690 855 3743 rationem
888 3691 969 3757 sequi
995 3689 1076 3742 nobis
1102 3706 1159 3742 uon
1185 3689 1272 3743 licuit.

203 3759 299 3825 Quare
317 3760 489 3812 tutissimum
508 3767 594 3828 atque
611 3759 747 3826 optimum
766 3759 902 3820 duximus,
919 3761 1005 3824 prout
1022 3754 1165 3826 παράδοσις
1184 3757 1272 3811 ecole-

204 3829 326 3889 siastica,
347 3843 427 3880 suum
445 3827 546 3895 cuique
563 3831 665 3895 poetae
682 3825 968 3894 tempusassignare,
987 3825 1028 3877 ita
1045 3827 1164 3892 hymnos
1179 3825 1273 3892 dispo·
1343 3845 1345 3854 ¹

203 3911 270 3949 nere
292 3896 378 3962 idque
401 3897 509 3948 duabus
532 3897 566 3948 de
590 3894 690 3948 causis.
726 3894 850 3946 Primum
868 3889 944 3960 quod
963 3892 1089 3946 homines
1108 3893 1199 3947 critici
1217 3893 1272 3946 cla-

202 3965 303 4016 mitare
327 3964 432 4026 solent,
463 3979 535 4031 quae
554 3963 602 4016 illa
619 3961 774 4014 traditione
798 3962 834 4013 ad
851 3965 977 4014 nostram
995 3964 1118 4014 aetatem
1135 3975 1271 4042 perreue-

202 4033 272 4093 rint,
301 4047 335 4084 ea
352 4032 412 4084 fere
430 4032 523 4087 omnia
546 4045 648 4083 avero
666 4031 729 4097 plus
748 4029 875 4082 minusve
893 4031 1060 4092 abhorrere,
1090 4029 1121 4082 id
1138 4028 1273 4095 ipsumsi

204 4100 357 4168 quidquam
376 4099 451 4152 aliud
470 4100 498 4151 in
518 4097 740 4153 controversiam
756 4098 913 4152 vocandum
937 4101 988 4150 esi.
1006 4125 1042 4138 -·
1057 4097 1115 4150 Iam
1135 4097 1272 4148 addamus

203 4169 319 4221 alteram
339 4183 460 4230 causam,
481 4167 577 4221 curin
596 4167 767 4218 adornandis
786 4167 955 4218 carminibus
974 4179 1035 4218 eam
1053 4178 1136 4232 quam
1151 4163 1272 4216 diximus

200 4235 324 4288 instituti
341 4235 479 4288 rationem
497 4234 587 4286 secuti
605 4234 699 4286 simus.
735 4234 806 4286 Nam
824 4248 920 4286 omncs
934 4233 1024 4299 qui-iu
1037 4232 1140 4284 studiis
1154 4233 1271 4300 hymno·

200 4303 301 4371 logicis
324 4307 475 4356 versantur
496 4317 552 4354 non
575 4305 695 4368 possunt
717 4303 784 4369 quin
806 4301 957 4368 inquirant,
982 4314 1054 4366 quae
1077 4300 1178 4367 cuique
1204 4313 1271 4368 poe·

199 4375 246 4424 tae
265 4371 389 4425 carmina
406 4369 559 4424 traditione
577 4369 764 4424 tribuantur.“
1063 4403 1066 4412 ·
