2728 5028
695 383 761 459 als

188 567 371 628 laudibus.
413 567 504 626 Mone
526 567 578 626 llI.
601 587 630 642 p.
647 567 718 627 559.
739 565 803 636 (Hs.
827 585 865 625 zu
883 567 1036 626 Mtiuchen
1058 568 1131 627 Clm.
1159 569 1271 630 17615.
1353 621 1354 624 ,

195 657 242 714 14.
265 653 383 721 Jahrb.)
405 654 548 712 Dolemus
563 654 697 710 Monium
720 657 878 728 scripsisse
902 672 980 729 quse
996 656 1133 728 scripsit:
1162 657 1271 726 „Wen-
1353 695 1354 698 ¹

193 741 312 798 ceslaus
337 739 420 798 starb
447 739 537 808 1305,
561 741 602 796 111
624 739 696 796 aber
717 740 800 796 nicht
823 741 994 798 canonisirt.
1032 740 1099 798 Act
1119 741 1176 800 SS.
1198 741 1271 800 Iunii

102 858 106 862 ·
192 827 222 895 l,
244 826 294 884 65.
338 826 377 882 Er
407 825 519 881 kommt
537 823 651 900 jedoch
680 826 709 882 in
742 825 955 900 Strassburger
985 845 1013 884 v.
1048 826 1127 885 1189
1153 828 1174 882 f.
1200 827 1268 886 166.

192 912 254 970 und
275 913 305 968 in
328 909 441 966 anderu
464 928 526 966 vor.
565 909 594 966 S.
618 909 822 978 wenceslaus,
847 911 1100 968 celebratissimus
1121 912 1272 970 Bohcmo-

192 1016 258 1055 rum
279 997 346 1053 Dux
368 1001 399 1052 et
421 995 547 1068 Martyr,
572 995 645 1052 obiit
667 996 716 1054 28.
742 997 825 1070 Sept.
848 989 939 1054 936ss
984 995 1135 1070 Perpetua
1156 999 1271 1072 populo

194 1087 285 1158 atque
296 1081 443 1138 ecclesiae
453 1079 612 1172 devotione
627 1081 763 1155 insignis,
772 1083 871 1138 locum
880 1082 995 1138 obtinet
1009 1083 1038 1138 in
1050 1082 1270 1160 MartyrologIo
1352 1093 1354 1140 l

150 1229 157 1242 ¹
193 1185 228 1224 ac
245 1167 404 1228 Breviario
427 1165 579 1233 Romano,
609 1167 667 1222 imo
699 1183 754 1240 per
776 1172 871 1222 totum
894 1166 996 1223 orbem
1019 1167 1206 1224 catholicum
1229 1167 1272 1228 dic

193 1255 243 1314 28.
278 1253 360 1326 Sept.
389 1253 531 1308 memoria
561 1253 625 1307 eius
662 1253 812 1308 recolitur.
857 1251 907 1318 (In
935 1252 1068 1336 Propriis
1105 1253 1271 1327 Hispaniae

106 1379 108 1389 .
191 1343 316 1415 propter
345 1337 455 1394 festum
482 1336 511 1392 S.
536 1335 663 1392 Simonis
692 1335 728 1392 de
751 1337 850 1393 Reuss
872 1338 1051 1394 translatum
1073 1336 1111 1394 ad
1139 1339 1168 1396 3.
1197 1337 1271 1404 Oct.)

450 1597 626 1686 Hymnunc
648 1597 727 1665 Deo
749 1619 821 1666 coa
841 1601 1008 1666 iucunda.

459 1701 543 1753 Thes.
562 1700 583 1752 1.
602 1717 628 1767 p.
647 1701 705 1753 314.
740 1699 785 1752 Dc
804 1699 832 1753 S.
850 1699 1005 1754 Elisabeth.

255 1815 346 1872 Mone
368 1811 418 1870 III.
441 1833 470 1888 p.
494 1812 564 1872 287.
586 1805 693 1871 novem
715 1811 858 1872 decemve
881 1831 960 1870 saec.
977 1813 1053 1874 XIV.
1077 1830 1112 1870 ac
1136 1813 1201 1872 XV.
1226 1831 1271 1870 co-

194 1900 275 1958 dices
299 1904 330 1955 et
351 1898 443 1956 libros
466 1900 602 1972 inspexit.
651 1899 676 1956 1.
702 1898 880 1956 decantet.
917 1901 946 1958 2.
970 1905 1049 1956 mat.
1074 1899 1103 1955 S.
1150 1900 1179 1958 9.
1197 1917 1270 1956 suc·

194 1989 376 2043 cremento
400 1986 534 2060 attigit.
577 1983 623 2042 12.
647 1983 740 2058 quod
762 1975 875 2040 a'Deo
898 2002 995 2041 mens
1017 1990 1158 2058 parata.
1179 1985 1271 2042 .P0st

194 2071 349 2150 stropham
371 2069 401 2138 5,
424 2071 577 2126 interserit
597 2069 690 2124 hanc:

346 2189 466 2264 Aquam
490 2205 556 2245 eam
573 2187 643 2244 dum
665 2190 785 2262 rogavit
806 2188 903 2246 hostis
919 2191 1116 2261 innocentiae,

346 2273 454 2331 Potum
476 2273 556 2330 lacte
578 2274 742 2348 perforavit
765 2274 849 2333 clave
870 2267 1073 2348 poenitentiae

346 2361 385 2416 Et
407 2362 450 2416 sic
474 2377 542 2416 sese
565 2359 703 2417 liberavit
724 2361 819 2416 virtus
841 2361 1006 2434 patientiae

194 2481 230 2538 cf.
254 2481 319 2538 libr.
342 2478 478 2538 Iudicum
499 2479 528 2548 1,
555 2479 687 2538 10-21.
736 2478 782 2536 17.
808 2481 915 2536 carni.
964 2480 1010 2540 19.
1035 2479 1268 2542 divitiaene

193 2567 390 2644 egestatis.
435 2566 485 2625 22.
511 2583 563 2640 op.
586 2565 685 2631 fuso,
710 2565 788 2621 cibi.
812 2591 855 2602 --
877 2564 970 2622 Addit
992 2565 1196 2642 doxologiam:

346 2671 448 2743 Gloria
471 2685 510 2741 sit
531 2683 601 2740 Iesu
622 2684 700 2740 bone
724 2684 777 2741 tibi
792 2701 878 2769 *nunc
902 2690 932 2742 et
953 2687 1072 2760 iugiter,

346 2770 404 2840 Qui
427 2774 578 2846 certantes
601 2770 631 2826 in
653 2785 750 2846 agone
774 2768 897 2829 adiuvas
919 2771 1046 2828 feliciter

347 2856 385 2912 Et
406 2854 575 2912 mercedem
599 2853 653 2912 das
679 2871 808 2912 coronae
829 2857 960 2914 vincenti
981 2857 1114 2914 viriliter.

575 3115 651 3184 Ave
677 3113 885 3186 Oatboriao.
1175 3197 1180 3204 ,

187 3219 278 3274 'Thes
296 3217 317 3271 Ι.
335 3234 362 3286 p.
381 3218 439 3272 301.
459 3235 474 3272 1
493 3218 590 3274 codice
608 3217 753 3286 Herbipol.
776 3234 847 3273 saec.
874 3217 951 3272 XIII.
986 3215 1032 3273 De
1050 3217 1078 3272 S.
1107 3217 1262 3274 Catharina.

277 3331 367 3388 Mone
388 3331 439 3388 ΠΙ.
463 3351 492 3406 p.
515 3332 585 3392 360.
612 3330 735 3389 ‘codices
766 3336 796 3389 et
824 3332 917 3390 libros
940 3349 1020 3390 saec.
1045 3331 1107 3390 XV.
1133 3333 1262 3390 contulit.

196 3418 242 3474 11.
268 3434 403 3492 sponsa
426 3435 572 3492 sponso.
619 3419 666 3476 11.
695 3419 826 3475 saevis.
871 3418 921 3477 22.
945 3419 1048 3475 uobis
1070 3435 1202 3476 verum.

485 3677 574 3774 ¹Ace
595 3683 711 3748 trinus
734 3683 771 3748 ia
791 3673 988 3766 personis.
1098 3709 1102 3711 ·
1168 3689 1173 3694 '

561 3781 606 3836 Dc
626 3781 764 3836 Omnibus
784 3782 902 3837 Sanctis.

257 3895 322 3954 Ave
345 3897 440 3953 trinus
463 3897 493 3952 in
514 3897 662 3970 personis,
796 3896 862 3955 Ave
885 3895 1018 3964 Christe,
1041 3899 1196 3970 reparator

255 3997 333 4038 unus
355 3982 385 4038 in
409 3982 550 4049 essentia,
794 3981 974 4056 protoplasti
1000 3982 1132 4057 generis,

256 4065 402 4124 indivisus
426 4071 458 4123 tu
480 4069 511 4123 in
534 4065 620 4124 donis
794 4067 864 4124 Iesu
885 4067 940 4124 Dei
962 4065 1108 4124 mediator

244 4157 366 4218 ‚cuncte
388 4169 495 4210 creans
519 4153 600 4210 entia
736 4153 774 4212 10
796 4157 827 4210 11
847 4151 968 4210 humani
990 4150 1131 4220 foederis,

214 4237 316 4297 biam
330 4241 481 4297 uirtutum
504 4237 582 4295 diter
604 4237 690 4296 bonis
796 4255 924 4314 quaeso,
947 4238 1019 4295 mibi
1041 4237 1083 4293 sis
1106 4237 1229 4318 salvator

259 4341 294 4383 ex
316 4327 369 4382 tua
390 4325 572 4400 praesentia.
795 4329 829 4382 ut
851 4324 956 4382 electis
979 4323 1098 4381 ceteris.
