2788 5024
114 609 145 666 4.
158 606 304 682 Martyria
323 605 358 664 st
380 603 525 674 doctrina,
575 633 579 638 ·
652 604 681 664 o.
695 605 871 678 Flagellata,
895 609 1093 674 concremata,

140 693 305 753 carthae
327 692 415 766 qussi
436 692 514 748 trins
654 725 657 729 -
694 689 807 747 Eculeo
827 695 1018 758 tormentata,

199 777 235 836 In
256 779 365 854 figura
377 775 520 850 disputat,
735 775 856 833 Afflicta
879 775 1043 850 suppliciis,

156 865 268 921 Vertar
288 863 354 920 eius
377 863 475 920 crucis
498 863 585 936 signo
692 861 775 920 Inter
796 877 912 936 poenas
935 867 997 918 tam
1017 876 1160 938 amoenas
1235 909 1238 912 .

48 973 51 980 ¹
158 950 236 1008 Dum
257 949 387 1006 munitm
430 963 498 1004 curn
519 949 650 1022 maligno
693 949 763 1005 Veri
786 949 878 1006 sentit
899 947 991 1004 t'ontis¹
1011 941 1114 1015 venas,

200 1035 296 1092 Hoste
319 1039 408 1092 cervo
432 1032 561 1090 dimicat.
733 1033 859 1090 inmixta
883 1031 1007 1092 deliciis.

115 1155 144 1214 5.
159 1155 254 1214 Deum
276 1155 385 1213 trinum
406 1171 497 1209 unum
519 1149 616 1220 docet,
650 1149 678 1212 7.
693 1151 792 1209 Patris
816 1149 853 1210 de
877 1151 963 1210 domo
987 1154 1095 1220 eiecta¹
1147 1147 1151 1154 '

122 1249 125 1258 ·
160 1236 262 1300 Saevit
282 1245 371 1316 pater
394 1243 424 1294 et
445 1255 505 1295 non
526 1245 615 1296 nocet
644 1279 647 1284 -
693 1235 817 1294 Terram
840 1239 945 1296 circuit
933 1237 1093 1316 ttdespec
1094 1257 1121 1313 a,
1149 1231 1151 1238 ’

202 1323 277 1382 Stat
258 1329 311 1387 tun
333 1326 397 1382 eius
411 1323 548 1424 gladius,
630 1325 639 1331 “
735 1320 894 1384 Denudata
863 1327 1051 1400 tpenitus;

160 1412 279 1492 Sponsa
302 1409 413 1472 Christi
436 1411 506 1488 quia
527 1407 614 1476 redit,
696 1407 820 1470 Ocelum
842 1427 930 1468 orans
953 1409 1023 1468 dum
1045 1413 1162 1496 aspexit
1163 1455 1188 1480 „

157 1495 277 1553 Murum
299 1497 406 1554 transit
428 1499 459 1552 et
480 1513 539 1574 non
557 1491 651 1552 laedit
695 1493 779 1552 Stola
801 1495 913 1560 munda
933 1495 1011 1554 hauc
1032 1516 1088 1571 pro
1091 1499 1164 1556 texit

201 1581 291 1640 Velut
312 1581 388 1638 lucis
410 1579 521 1642 radius
734 1579 874 1638 Formata
897 1579 1045 1641 divinitus,
1149 1641 1154 1646 f

228 1749 253 1764 ,.
371 1703 399 1762 8.
421 1701 495 1775 Epa,
517 1701 612 1775 virgo,
636 1715 692 1758 nos
714 1716 856 1774 agnosce,

364 1774 389 1846 ’,
423 1787 615 1844 Sacrameuto
638 1803 694 1842 nos
715 1784 847 1859 deposce

461 1869 635 1950 'Salvatoris
657 1871 748 1938 refici,

421 1956 491 2016 Vita
512 1957 571 2014 ista
593 1953 663 2014 dum
685 1971 850 2031 gravamur,
876 1962 879 1972 “

327 2098 328 2102 ,
422 2041 611 2116 [Ιιίερειιιι
632 2057 799 2100 mereamur

475 2125 625 2188 creatoris
647 2127 769 2202 perfrui.

203 2267 231 2325 2.
255 2237 375 2324 Monius
398 2266 497 2326 omisit
512 2239 623 2323 'vocem
644 2264 810 2332 macula,
834 2263 898 2322 sine
920 2237 981 2323 ulla
1004 2263 1187 2326 dubitatione

119 2349 304 2428 corruptum?
342 2349 417 2409 Mihi
449 2349 566 2410 medela
586 2363 737 2426 -egerev
717 2349 837 2407 videtur
868 2352 1019 2409 mentis
1068 2353 1187 2428 Legere

20 2451 23 2455 ·
118 2433 217 2494 malim
239 2437 391 2495 mundis
420 2437 469 2496 rel
492 2437 596 2494 simile
610 2433 692 2510 quld.
734 2435 865 2493 Sensus·
895 2437 998 2494 Carnis
1021 2437 1188 2496 maculam

119 2523 224 2580 sancta
244 2525 376 2598 virgine
383 2524 613 2598 transformatur
635 2527 666 2578 et
689 2522 776 2596 quasi
791 2522 1015 2597 superinduitur
1029 2527 1063 2580 ut
1078 2521 1188 2582 munda

119 2613 271 2682 appareat.
1065 2637 1068 2644 =
1144 2635 1147 2642 ·

549 2689 750 2698 ...μη-...μοι-

124 2807 139 2842 ·‘
203 2793 273 2856 058.
315 2762 518 2869 fflt'dtlftlttlr
537 2781 740 2873 {lllyriorum
770 2785 875 2853 thori.
928 2795 973 2852 De
1002 2797 1186 2854 Patronis

118 2882 244 2958 Regni
269 2881 450 2964 Stracteos.
495 2881 724 2957 Ecclesiologist
753 2879 797 2938 Ol.
820 2880 906 2955 April
932 2879 1013 2940 1854
1034 2901 1061 2957 p.
1088 2883 1147 2942 119
1171 2896 1187 2940 e

119 2968 235 3026 Missali
258 2965 447 3046 Upsalicnsil

142 3089 169 3146 1.
184 3089 332 3148 unuani
345 3089 538 3164 'Angelorum
562 3087 646 3148 chori
667 3087 836 3150 hierarchia
856 3077 976 3162 triplici,
1000 3087 1112 3158 ordine,
1125 3094 1189 3145 'nu-

119 3199 124 3206 ·
321 3187 413 3243 mero,
437 3173 534 3231 officio
557 3175 632 3231 mult
621 3173 714 3248 tiplici
730 3171 849 3241 conditi,
874 3176 986 3250 cogniti
1001 3175 1056 3234 Dei
1078 3177 1189 3234 virtute

322 3261 463 3333 simplici:

141 3347 168 3404 2.
191 3344 263 3400 Ruit
283 3361 354 3420 pars
377 3344 445 3401 ad*
438 3361 497 3400 rma
518 3343 555 3400 de
577 3346 674 3418 prima
696 3346 852 3420 spirituum
875 3345 1005 3424 origine:

140 3431 167 3489 3.
191 3430 272 3487 Grat
253 3435 295 3487 tra
317 3429 417 3486 divina
433 3431 524 3492 ruina
545 3435 733 3486 restauratur
756 3447 791 3486 ex
812 3429 941 3486 homine

141 3517 169 3574 4.
193 3515 289 3584 Quam
310 3515 416 3572 flebilis
440 3514 564 3589 Angelis
586 3514 694 3590 perdit
687 3531 712 3570 rs
674 3515 810 3572 thaee
834 3519 881 3570 est
902 3521 1053 3590 permutt
1009 3517 1098 3573 ttio!

105 3671 107 3676 Ι
140 3601 168 3660 h.
190 3601 335 3660 Amabilis
357 3601 993 3674 1111111ιιιιιιίιιιιιιιιιιιιιςιιιιιιι.ιιιιιιιιεείο.Ι
1059 3663 1062 3670 ι

142 3686 169 3746 6.
191 3686 254 3744 lam
283 3687 343 3743 illio
374 3685 510 3744 aseendit
531 3687 637 3742 victrix
659 3685 754 3742 tribus
776 3686 903 3759 inclyta:
933 3687 993 3745 tam
1015 3688 1061 3747 ius
1083 3703 1189 3762 appre-

323 3771 428 3830 hendit
450 3772 638 3846 triumphans
662 3772 805 3839 ecclesia;
829 3772 936 3829 militat
958 3775 987 3828 1ιι
1010 3774 1097 3830 terris
1120 3773 1190 3832 filia.

141 3857 168 3916 7.
193 3857 289 3928 Quam
313 3857 392 3914 dulci
415 3875 515 3915 amore
537 3875 665 3916 vernaus
690 3858 851 3931 suscipitur

53 3979 57 3985 -
141 3944 169 4002 8.
188 3943 277 4014 Quat
292 3948 383 4004 tanto
405 3945 525 4003 iervore
546 3945 652 4000 ruinae
672 3941 887 4002 restaurandae
909 3943 947 4000 ad
968 3949 1095 4004 ventura
1122 3963 1191 4002 con·

233 4038 235 4042 ’
323 4031 495 4104 cupiscitur
973 4059 975 4067 ι
1183 4051 1201 4067 ··

95 4158 99 4166 .
117 4113 171 4172 9.
194 4113 254 4182 Te,
289 4116 365 4173 coeli
393 4116 578 4187 hierarchia,
615 4115 709 4208 omnis
740 4115 820 4194 natio
852 4115 953 4176 orbis
964 4075 1085 4192 replet
1090 4115 1191 4176 missis

325 4201 451 4258 nuntiis:
541 4232 543 4237 s

125 4283 170 4346 to
194 4285 253 4354 Te,
284 4285 385 4342 mundi
414 4287 603 4354 monarchia,
635 4303 721 4344 sacro
751 4303 872 4344 munere
895 4281 1088 4363 recognoscit
1111 4283 1175 4342 dat
1153 4289 1192 4342 trs

326 4372 401 4431 liliis.
