2904 5028
368 601 532 676 Apostolos
554 601 638 660 navis
662 601 772 660 Christi
793 604 929 676 proretas

370 687 409 744 Et
430 673 577 764 martyres
600 703 702 744 omnes
723 691 794 760 peto
819 687 987 744 anathletas

368 773 408 834 Ut
430 790 477 830 me
498 786 627 848 percos
651 772 732 830 salus
756 773 853 847 sepiat

370 858 471 935 Atque
494 875 583 916 omne⁴
602 858 711 917 malum
733 873 751 914 a
772 875 819 922 me
841 864 946 932 pereat

305 943 345 1004 25
369 945 506 1002 Christus
528 961 644 1002 mecum
665 948 787 1018 pactum
807 944 1032 1002 firmum'seriat

370 1030 470 1104 Timor
491 1034 602 1088 tremor
624 1029 739 1088 tethras
762 1029 864 1088 turbas
887 1035 999 1088 terreat

369 1116 451 1173 Deus
473 1115 692 1192 impenetrabili
713 1115 825 1172 tutela¹

368 1201 506 1279 Undique
527 1219 575 1260 mo
598 1200 723 1259 defende
744 1202 881 1275 potentia

369 1337 431 1402 Mei
453 1347 489 1414 gr
510 1338 583 1395 brae
668 1355 777 1412 pernas
802 1354 904 1394 omnes
924 1339 1018 1398 libera

306 1423 347 1484 30
369 1424 447 1488 Tuta
468 1425 551 1498 pelta
572 1427 751 1498 protegente
774 1425 891 1499 singula

369 1510 409 1568 Ut
429 1527 489 1567 non
508 1511 579 1566 tetri
601 1508 762 1566 daemones
784 1511 814 1566 in
835 1511 932 1568 latera

368 1596 439 1654 Mea
459 1595 570 1652 librent
590 1600 625 1652 ut
647 1595 744 1652 solent
767 1595 884 1670 singula

369 1681 492 1758 Gigram
514 1681 661 1755 cepphale
683 1681 821 1738 cumiaris
844 1687 874 1738 et
897 1699 987 1740 conas

368 1765 474 1824 Palam
495 1767 625 1843 liganam
649 1783 757 1823 sennas
780 1771 871 1842 atque
893 1769 994 1826 michi:
1018 1785 1073 1826 nas

305 1851 345 1910 35
369 1851 534 1910 Chaladum
557 1852 732 1909 charassum
753 1852 922 1910 medianum
943 1855 1031 1912 talias

368 1939 475 1996 Datem
498 1939 634 2013 exugiam
656 1943 747 2013 atque
769 1937 853 1996 binas
878 1938 1000 1996 edumas

368 2025 437 2081 Meo
461 2039 535 2098 ergo
558 2041 625 2080 cum
648 2023 762 2098 capillis
786 2029 817 2080 et
838 2026 952 2084 vortice

370 2107 456 2166 Galia
478 2110 583 2166 salutis
606 2113 671 2166 esto
695 2109 785 2183 capiti

369 2195 471 2252 Fronti
494 2195 588 2274 oculis
612 2199 643 2252 et
665 2194 787 2252 cerebro
809 2197 934 2254 triformi

304 2279 347 2338 40
367 2281 477 2338 Rostro
499 2280 578 2338 labio
600 2281 687 2364 faciei
708 2283 838 2355 tympori

369 2367 472 2424 Mento
493 2365 586 2423 barbe
610 2367 776 2440 superciliis
799 2368 918 2425 auribus

368 2451 493 2526 Pupillis
515 2453 589 2509 rotis
612 2452 763 2526 palpebris
787 2455 957 2512 tautonibus

370 2538 474 2612 (tingis
497 2537 583 2594 auele
605 2537 729 2594 maxillis
753 2541 783 2594 et
805 2539 940 2598 faucibus

369 2623 545 2698 Gurgulioni
569 2627 599 2680 e't
621 2623 779 2698 sublingua
802 2627 904 2701 cerviJj

304 2708 344 2767 45
368 2709 495 2783 Capitali
517 2713 619 2766 centro
643 2709 809 2783 cartilagini

368 2795 452 2852 Collo
476 2796 605 2852 clemens
629 2793 733 2852 adesto
757 2796 893 2854 tutamini

368 2879 482 2938 Deinde
505 2886 571 2938 esto
593 2881 687 2938 lorica
708 2881 857 2940 tutissima

368 2965 449 3042 Erga
470 2967 602 3024 mambra
624 2983 697 3042 erga
717 2967 784 3024 mea
805 2969 922 3026 viscera

367 3053 407 3110 Ut
428 3052 566 3110 retrudas
588 3069 607 3108 a
627 3071 675 3110 me
696 3053 858 3112 invisibiles
968 3053 972 3065 “

305 3137 346 3197 50
368 3137 487 3196 Dudum
508 3140 610 3196 clavos
633 3157 708 3214 quos
730 3139 826 3216 figunt
848 3138 972 3199 odibiles

368 3224 415 3281 Tu
437 3241 509 3300 ergo
533 3224 607 3282 deus
630 3226 699 3282 lorti
719 3225 812 3284 lorica

370 3310 444 3367 Corn
467 3311 597 3385 scapulis
619 3311 759 3368 humeros
783 3317 814 3368 et
834 3311 957 3370 brachia

369 3395 454 3470 Tege
474 3397 561 3452 ulnas
584 3413 651 3453 oum
674 3396 757 3454 cubis
781 3403 811 3454 et
832 3399 966 3456 manibus

368 3479 490 3558 Pugnos
513 3482 628 3556 palmas
651 3481 760 3558 digitos
783 3501 850 3540 cum
871 3484 1021 3560 unguibus

304 3601 344 3660 bb
366 3601 450 3677 Tege
473 3601 588 3676 spinam
610 3607 641 3658 et
663 3607 777 3661 costem
799 3621 866 3661 cum
888 3604 1011 3662 artubus
1066 3672 1069 3689 Υ

367 3687 467 3764 Terga
490 3687 611 3744 dorsum
633 3705 801 3765 nervosque
825 3705 891 3747 oum
910 3689 1028 3748 ossibus

367 3771 451 3849 Tege
475 3777 573 3831 cutem
596 3773 769 3850 sanguinem
792 3793 859 3832 cum
880 3775 999 3833 renibus

368 3859 443 3917 Cata
464 3862 544 3917 rinas
566 3865 652 3917 nates
676 3878 742 3917 cum
766 3861 926 3919 femoribus

367 3943 451 4020 Tege
474 3944 597 4021 gambas
621 3963 705 4003 surra
726 3948 892 4004 femoralia-

305 4028 345 4090 60
369 4031 443 4090 Cum
459 4033 600 4106 genuclis
622 4033 752 4107 poplites
775 4039 806 4091 et
828 4048 926 4109 genua
952 4029 957 4049 ¹

367 4117 450 4192 'l'ege
471 4119 550 4175 talos
573 4135 640 4174 enm
662 4119 741 4175 tibiis
765 4124 796 4176 et
818 4119 949 4177 calcibus

258 4197 262 4202 ’
368 4203 462 4261 Crura
483 4201 577 4279 pedes
598 4204 767 4278 plantarum
789 4222 856 4262 cum
877 4203 999 4264 basibus

368 4286 451 4364 Tege
472 4305 571 4348 ramos
593 4295 795 4348 ramescentes
819 4287 918 4350 decies

369 4373 442 4434 Cum
463 4377 624 4452 mentagris
646 4394 762 4452 ungues
785 4373 870 4436 binos
893 4379 1051 4458 quinquies
