2904 5028
161 645 269 734 Atpai
280 646 411 720 ruspina
432 645 614 720 premerem
633 645 673 701 ιιι
686 642 852 720 sequentiis
872 645 1024 704 macris
1017 649 1093 716 aeri
1115 649 1146 706 in
1168 661 1238 707 con-

162 731 318 789 econtra·
340 731 399 788 hee
412 729 605 788 asmantiae
621 745 689 788 ress
705 735 875 799 ιιιωιιιιιι·
896 733 938 788 ita
953 737 987 790 ιιι
1000 731 1131 804 medium
1145 745 1238 810 quan

38 819 44 834 ¹
163 815 232 874 dam
252 801 353 875 iocum
374 817 452 874 inter
473 815 672 876 Nollrerims
694 822 822 876 ιιιιιοιιιιι
845 821 876 874 ot
900 817 1100 879 Victorinas..

247 901 311 960 Iam
333 899 371 958 de
398 901 536 959 versibus
565 903 790 976 imespmseriis
820 901 933 1002 aliquid
963 903 1154 961 statuendum
1176 911 1238 962 mest

77 1061 80 1070 y
165 987 291 1046 Exstant
313 989 476 1062 praecipue
500 985 575 1056 duo,
605 1004 684 1046 unus
706 986 744 1046 ad
766 989 959 1066 principium,
990 989 1067 1046 alter
1089 988 1127 1045 ad
1149 991 1238 1048 finem
1273 1031 1284 1040 .

164 1057 313 1130 carminis.
358 1071 528 1148 Aliquando
559 1091 627 1130 nou
646 1074 704 1132 nisi
740 1091 847 1154 unum
884 1074 1044 1174 aliqnando
1081 1092 1144 1131 ne
1141 1093 1239 1133 unum

165 1157 316 1234 quidem'
308 1159 484 1216 muenimus.
527 1158 723 1234 Apponamus
746 1160 838 1232 igitur
861 1176 924 1227 eos,
946 1161 997 1235 qui
1019 1176 1037 1215 a
1055 1159 1089 1216 S.
1105 1160 1150 1215 Nc
1153 1161 1237 1218 tlrero

115 1287 120 1292 .
166 1244 296 1322 proiecti
320 1250 405 1312 sunt,
436 1249 469 1300 ut
499 1245 523 1300 si
552 1261 642 1320 quam
672 1242 902 1306 constructionis
932 1261 1065 1302 normam
1088 1240 1236 1314 exhibent,

169 1331 288 1386 camin
310 1328 440 1386 medium
461 1329 657 1404 proferamus.
703 1325 779 1386 Sunt
799 1331 891 1406 igitur
913 1332 964 1406 qui
986 1335 1164 1406 sequuntur:

549 1497 603 1556 ad
623 1501 851 1576 principium.
921 1499 924 1512 '

219 1639 257 1698 1.
278 1637 333 1696 Eia
354 1635 524 1694 recolamus
546 1632 701 1694 laudibus
698 1639 765 1712 piis
789 1635 943 1714 digna.
1179 1683 1182 1690 .

227 1719 257 1783 2.
278 1717 364 1780 Hanc
388 1713 529 1780 concordi
550 1718 675 1780 famulat
662 1725 695 1779 tu
718 1717 851 1779 colamus
875 1717 1013 1778 solemnit
1000 1725 1102 1780 tatem.
1164 1747 1166 1752 ·

229 1809 257 1867 3.
279 1808 430 1866 Iohannes
453 1807 524 1866 Iesu
547 1807 666 1866 Christo
690 1809 815 1865 multum
838 1807 946 1865 dilecte
969 1809 1062 1882 virgo.

228 1895 257 1952 4.
279 1895 360 1952 Laus
376 1892 557 1952 tlblllhriste
572 1895 667 1968 patris
684 1895 881 1968 optiminam,
898 1893 979 1950 Deus
996 1895 1237 1968 omnipotentiae.
1253 1957 1256 1963 Ι

230 1977 258 2038 5.
280 1981 371 2038 Festa
393 1979 505 2037 Christi
527 1979 622 2036 omnis
646 1979 849 2036 christianitas
873 1979 1013 2036 celebret.

230 2064 258 2124 u.
281 2066 440 2144 Contenta.
456 2063 544 2140 parili
565 2066 614 2122 hic
634 2070 667 2122 te
690 2059 785 2121 Maria
811 2070 972 2123 ueneratur
993 2058 1123 2140 populus
1146 2070 1237 2141 teque

522 2151 593 2210 colit
616 2148 763 2207 cordibus.
841 2190 849 2201 .

88 2276 127 2320 ,Ι
230 2235 258 2306 1.
280 2235 400 2294 Laudes
423 2236 566 2297 salvatori
587 2251 662 2296 voce
683 2235 870 2294 modulemur
892 2224 1029 2310 supplici.

97 2335 106 2350 ·
229 2323 258 2380 8.
280 2320 451 2396 Pangamus
473 2324 602 2382 creatori
624 2327 717 2398 atque
738 2319 929 2402 redemptori
944 2322 1079 2398 gloriam.

230 2407 258 2466 9.
281 2408 360 2484 Agni
382 2408 534 2482 paschalis
558 2425 612 2465 esu
633 2413 768 2484 potuque
792 2406 908 2482 dignas.

211 2491 257 2552 10.
280 2493 392 2550 Summi
413 2491 596 2568 triumphum
617 2495 698 2570 regis
720 2509 939 2568 prosequamur
960 2491 1059 2550 laude.

210 2579 266 2636 11.’
281 2579 383 2636 Sancti
405 2579 534 2653 Spiritus
556 2579 636 2636 adsit
657 2577 742 2636 nobis
765 2581 871 2654 gratia.

211 2663 257 2722 12.
281 2663 383 2722 Sancti
403 2665 570 2739 Baptistae,
594 2661 705 2722 Christi
726 2665 895 2738 praeconis.

178 2775 185 2794 -.
212 2749 260 2808 13.
281 2749 424 2807 Laurenti
445 2749 542 2808 David
563 2751 664 2826 magni
686 2755 800 2824 martyr
821 2750 967 2824 milesque
989 2748 1084 2806 sortis.

212 2834 259 2892 14.
282 2834 481 2912 congaudent
503 2835 678 2911 angelorum
700 2835 784 2892 chori
806 2834 958 2910 gloriosae
979 2832 1102 2910 Virgini.

606 3005 660 3066 Ad
682 3007 798 3064 linem.

201 3127 204 3134 “
234 3127 260 3186 1.
283 3125 317 3184 In
340 3143 400 3202 qua
423 3125 479 3184 sibl
500 3124 638 3184 laustest
659 3131 790 3184 aeterna.
904 3149 907 3160 ι

231 3213 260 3272 2.
282 3213 369 3270 Nunc
397 3214 427 3270 in
428 3213 474 3270 ιιι
502 3211 631 3287 inclytas
660 3217 824 3312 martyrum
850 3189 999 3286 purpuras
1023 3222 1165 3268 coruscas
1189 3219 1239 3268 co'-
1307 3229 1313 3236 ·

359 3333 361 3338 ,
523 3303 656 3356 roratas

233 3383 260 3442 3.
283 3383 443 3453 muamus,
467 3383 579 3440 (lhristi
602 3399 679 3441 care.
868 3437 873 3444 .

232 3469 261 3527 4.
286 3469 347 3527 Sed
362 3469 555 3526 aeternaliter
569 3483 637 3526 cum
653 3467 766 3526 eisdem
782 3469 910 3526 catervis
926 3472 1026 3525 tecum
1042 3469 1089 3536 sit,
1105 3467 1239 3527 omnine.

232 3553 261 3613 5.
285 3555 362 3612 Huic
386 3568 489 3612 omnes
511 3555 680 3612 saecuritate
702 3554 1027 3630 populiprae'ceptori.
1107 3561 1109 3568 ’

182 3663 191 3682 ²
232 3640 261 3699 6.
285 3641 366 3698 Laus
390 3655 510 3717 quoque
531 3640 644 3698 Sancto
667 3639 790 3714 Spiritui
812 3657 867 3714 per
889 3649 1005 3698 aarum.

233 3896 262 3956 9.
284 3895 360 3954 Post
382 3901 509 3964 mortem
531 3897 729 3961 molluscum
752 3913 787 3952 eo
809 3895 951 3954 victuros.
1173 3951 1178 3960 ,

215 3981 261 4040 1⁰.
285 3981 320 4038 In
341 3983 400 4040 fine
422 3983 535 4041 saeculi
556 3984 622 4058 ipse
646 3999 766 4058 quoque
789 3997 908 4055 semper
930 3983 969 4038 sit
990 3979 1155 4036 nobiscum.
1209 4019 1212 4033 .

216 4067 263 4142 11.
287 4067 375 4124 Hunc
399 4065 478 4126 diem
498 4069 665 4144 ςισιιοιιιιιι
685 4067 792 4125 iecisti.

214 4123 263 4210 12.
287 4151 391 4211 Amice
413 4153 524 4212 Christi
545 4150 682 4211 Ioannes

216 4237 263 4295 13.
287 4237 405 4314 Mortyr
418 4241 571 4323 milesque
593 4239 688 4296 sortis
879 4285 885 4290 .

216 4321 263 4381 14.
287 4323 328 4383 Ut
350 4325 405 4383 sibi
428 4327 536 4385 auxilio
563 4327 644 4386 eima
665 4316 817 4418 Christum
842 4321 993 4382 dominum
1016 4337 1086 4380 esse
1109 4317 1242 4396 digneris
1277 4372 1285 4380 .

527 4425 582 4490 per
604 4427 748 4468 aevum.¹

981 4497 1016 4557 2.
