2788 5024
93 649 121 706 3.
135 647 344 713 'lhcmittcrra
368 644 462 717 pailet
481 645 613 700 coelum:
627 645 655 702 5.
666 643 837 718 Legislator
858 643 944 716 virga
967 637 1075 706 caedit,

137 731 626 804 Sciseaepetraascissumvelum:
670 729 804 786 Rubrum
826 745 907 784 marc
929 743 1051 783 caesum
1067 723 1159 781 cedit:

136 815 263 886 Quando
273 815 409 878 Christus
424 833 495 872 suae
511 815 626 889 prelum
669 815 759 871 Plebs
782 813 921 870 Hebraea
942 813 1041 868 laetus
1063 809 1141 865 redit
1183 833 1185 840 ·

177 903 254 958 Vitis
276 915 348 959 vera
370 901 502 974 protulit
714 899 952 972 submergantur
974 897 1081 954 ceteri:

137 987 246 1044 Servos
269 987 350 1042 hosti
371 986 435 1042 Rex
457 985 582 1042 ademit:
670 987 762 1060 Virga
785 1003 855 1041 crux
878 990 924 1040 est
946 986 976 1040 in
998 983 1103 1056 figura,

114 1081 115 1086 ’
135 1073 264 1132 Mortem
277 1071 372 1130 Cruce
387 1071 469 1128 Mors
485 1073 624 1145 peremit:
671 1071 737 1142 Qua
760 1070 798 1128 de
821 1072 964 1128 servitute
988 1068 1063 1124 dura

135 1161 241 1234 Agnus
265 1175 336 1216 oves
359 1159 410 1235 qui
431 1157 559 1214 redemit
659 1157 811 1214 ,Liberata
829 1161 875 1213 est
890 1161 1007 1222 natura,

177 1241 263 1317 Lupo
285 1238 430 1316 praedam
453 1233 582 1300 abstulit.
713 1243 759 1298 Fit
781 1261 858 1300 nova
881 1241 918 1297 de
941 1242 1044 1298 veteri.

94 1365 125 1420 4.
135 1363 265 1436 Lignum
286 1362 350 1419 Noe
371 1365 559 1420 reservatur:
631 1361 658 1420 ὃ.
671 1361 807 1436 Regnum
830 1379 901 1436 ergo
926 1361 1066 1428 salutare,

136 1449 247 1504 Noster
268 1448 333 1504 Noe
357 1447 445 1504 Cruci
467 1447 570 1504 datur:
672 1445 762 1504 Plebs
784 1447 948 1521 redempta,
971 1460 1130 1524 venerare:

137 1533 265 1607 Lignum
286 1533 369 1608 ligno
391 1540 548 1608 reparatur
670 1533 761 1590 Cuius
785 1533 922 1590 Christus
946 1531 1047 1589 adstat
1069 1547 1149 1588 arae·

178 1617 212 1674 In
234 1637 293 1693 quo
317 1617 446 1693 Serpens
469 1621 589 1690 vicerat.
713 1617 859 1676 Sacerdos
883 1624 913 1675 et
934 1619 1045 1676 hostia:

135 1705 243 1761 Manus
265 1706 353 1762 mites
376 1705 446 1761 dum
475 1703 626 1778 expandit,
671 1704 778 1760 Adhuc
801 1710 909 1778 optans
932 1704 1076 1760 immolari

136 1787 199 1847 Rex
222 1791 373 1846 coelorum
385 1791 486 1846 coelos
508 1787 626 1863 pandit:
671 1789 711 1845 Se
734 1793 908 1864 praesentat
929 1791 959 1844 in
982 1787 1081 1844 altari:

135 1875 173 1931 Et
195 1892 265 1932 curn
285 1875 385 1932 multis
408 1875 467 1932 illic
491 1873 607 1931 scandit
673 1875 730 1943 Qui
752 1893 807 1930 nos
831 1873 867 1930 de
889 1873 1038 1948 profundo
1061 1873 1134 1928 mari

178 1958 263 2018 Unde
286 1960 369 2016 solus
391 1964 522 2036 uenerat.
714 1961 774 2018 Sua
797 1959 893 2017 salvet
915 1961 1020 2033 gratia.

179 2095 288 2154 Neale:
330 2097 396 2155 Cum
432 2100 583 2171 sequentia
619 2097 690 2154 haec
725 2115 809 2171 quum
845 2098 970 2153 maxime
998 2097 1100 2152 Adami
1128 2095 1164 2152 de

99 2181 207 2240 Sancto
235 2184 348 2240 Victore
369 2185 467 2258 sapiat
488 2185 642 2257 repetam,
666 2183 784 2240 radiare
805 2184 874 2247 Is'cet
888 2199 970 2255 quom
1002 2195 1075 2255 qaae
1098 2181 1163 2256 ple-

76 2285 216 2340 *rumque
225 2270 353 2343 protulit
373 2271 450 2342 stylo
472 2271 652 2344 conscriptas
674 2287 794 2342 cumque
815 2271 985 2342 scriptorem
1001 2269 1163 2330 Armorica*

95 2371 161 2410 num
184 2356 214 2410 in
235 2354 351 2410 Missale'
372 2356 559 2411 Armoricaao
581 2354 716 2428 indepare‘
746 2355 898 2428 probabile
924 2355 980 2409 sit:
1015 2353 1084 2409 mihi
1106 2371 1163 2409 ruore

78 2463 81 2471 ·
91 2455 211 2512 possam
228 2440 410 2514 persuadere
433 2442 502 2514 quio
524 2459 557 2496 re
578 2457 647 2496 uera
669 2441 740 2496 baec
755 2458 847 2515 prosa
874 2441 974 2496 eoeimr'i
983 2443 1097 2513 poetae,
1121 2441 1164 2494 iu·

47 2570 50 2576 ,
96 2526 200 2596 cecilie
219 2527 333 2596 sorsum
355 2525 409 2582 sed
427 2526 507 2584 houd
527 2526 671 2603 indentes,
694 2529 735 2610 sir
752 2527 860 2598 foetus.

530 2705 723 2713 -n-..n—-m-

161 2847 231 2905 610.
258 2835 481 2918 [OMuterrce
501 2844 628 2924 postor
648 2839 745 2905 alme.
770 2849 813 2905 De
830 2848 858 2906 S.
873 2848 1051 2906 Materno.
1074 2848 1163 2906 Mone
1270 2857 1276 2864 ’
1389 2787 1391 2906 4

96 2930 148 2990 ΠΙ.
170 2951 198 3006 p.
222 2932 283 2990 435
307 2932 370 2999 (Hs.
394 2951 430 2988 zn
451 2931 626 2990 Darmstadt
648 2933 701 2991 No.
725 2933 786 2992 545
814 2934 859 2992 14.
881 2927 1008 3005 Jahrh.)]

185 3071 208 3127 i.
231 3069 258 3125 0
281 3067 427 3137 Materne,
450 3075 556 3144 pastor
576 3069 654 3127 alme
678 3069 850 3146 Christique
872 3069 954 3127 clara
975 3071 1142 3139 hierarcha,

182 3153 209 3212 2.
232 3154 290 3223 Qui
313 3155 429 3212 Gallica
450 3171 520 3212 rura
541 3157 666 3231 replesti
689 3173 775 3213 sacra
797 3152 939 3215 doctrina.
1030 3150 1035 3156 '

183 3239 211 3296 3,
226 3239 308 3295 (tum
331 3243 420 3297 sociis
444 3243 547 3308 sacris,
573 3240 669 3298 enoda
691 3247 796 3298 nostra
817 3243 923 3316 piacla.

183 3323 211 3381 4.
235 3317 281 3379 Tu
303 3326 447 3398 principis
471 3327 678 3399 apostolorum
701 3333 844 3384 executus
869 3345 901 3384 es
924 3333 1099 3402 praecepta·

120 3474 125 3483 Ι
184 3407 212 3465 b.
236 3405 385 3468 Eucherio
408 3409 589 3485 Valerioque
613 3412 800 3486 subiugando
822 3415 873 3486 pia
896 3411 985 3480 colla;

183 3492 211 3551 θ.
233 3491 310 3574 Nam
346 3509 447 3552 cornes
483 3495 597 3553 itineris
636 3496 763 3553 Galliam
801 3497 944 3554 docturus
980 3497 1165 3572 praeveniris

95 3583 192 3635 morte
215 3583 279 3647 tua,

181 3663 295 3806 pecu
317 3664 470 3743 tamquam
504 3668 633 3725 convioli
662 3668 787 3744 lugeant
815 3674 846 3726 te
876 3669 953 3725 sacri
979 3685 1050 3726 vere
1071 3634 1167 3724 libera

97 3767 189 3806 saecu
201 3767 228 3819 a,

183 3855 211 3913 8.
234 3854 401 3929 Deponeris
424 3873 460 3912 ac
482 3859 618 3930 paucitas
642 3857 691 3914 hic
704 3862 811 3932 quater
827 3836 920 3915 denos
942 3858 1001 3918 heu
1017 3859 1075 3916 iarn
1088 3857 1167 3914 soleo

99 3939 155 3995 sub
177 3941 309 4016 querela.

184 4042 278 4184 thlEn
301 4043 451 4118 repedant
487 4047 636 4114 consocii,
673 4048 758 4104 iussu
796 4048 932 4122 magistri
967 4053 998 4104 te
1022 4048 1174 4105 suscitant*

99 4141 173 4182 voce
196 4145 290 4184 caraz

188 4227 234 4289 10.
258 4231 384 4306 „Surge
400 4232 546 4304 Materne,
562 4235 664 4312 linque
679 4208 823 4305 funebria,
835 4235 920 4292 sortis
937 4233 1042 4292 adesto
1059 4233 1169 4313 Christi

100 4313 160 4369 ianr
180 4316 314 4422 pernula,
338 4321 472 4377 victurus
494 4335 639 4379 successu
661 4321 788 4380 totidem
810 4339 903 4379 annos
927 4323 1062 4396 episcopi
1085 4337 1171 4378 sacra

99 4415 179 4457 cura.

150 4499 264 4554 Daniel.
274 4490 345 4548 'Thea
360 4501 438 4560 Hymn.
452 4505 476 4548 V.
932 4500 966 4555 20
1077 4537 1088 4558 ι
