2772 5024
736 401 781 474 n
894 424 899 432 x

302 586 417 644 Fidelis
440 585 495 642 Dei
516 585 650 642 minister
671 585 858 661 insignisque
880 588 1003 644 nuntius
1042 633 1046 638 .

308 673 507 746 apostolicum
529 670 696 744 exemplum
717 671 901 747 farinamque
923 673 1049 746 praebet
1070 672 1165 742 bonis,
1251 677 1257 688 ‘

308 759 359 834 qui
381 762 443 834 tam
465 755 567 814 verbis
587 772 677 831 quam
699 761 730 812 et
751 757 838 816 iactis
860 757 942 832 plebi
964 758 1120 832 praedicat
1141 759 1207 826 Dei,

307 849 452 918 utquam
475 839 562 898 dictis
584 859 642 898 uon
666 844 813 900 convertit
833 843 933 900 fructu
954 849 1099 917 provocet
1119 844 1208 904 bauo.

212 1009 218 1016 ·
243 980 284 1040 25
308 979 439 1041 Gloriam
460 977 642 1036 habet'cum
664 979 792 1046 Christo,
816 979 959 1036 honorem
981 982 1010 1036 in
1033 982 1163 1048 saeculo,

308 1067 359 1140 qui
382 1065 419 1120 ab
443 1063 586 1132 omnibus,
610 1069 643 1120 ut
665 1065 720 1120 Dei
742 1070 902 1122 veneratur
925 1067 1060 1141 angelus,

293 1168 397 1226 ·quem
418 1149 500 1206 Deus
523 1151 610 1217 misit,
634 1154 667 1205 ut
688 1149 823 1217 Paulum,
847 1150 1014 1226 adgentes
1039 1153 1220 1226 apostolum,

307 1241 341 1293 ut
361 1234 529 1292 hominibus
553 1234 692 1291 ducatum
714 1235 873 1309 praeberet
895 1253 988 1312 regno
1011 1238 1074 1293 Dei.

308 1345 434 1429 Humilis
454 1371 509 1428 Dei
532 1371 569 1426 ob
592 1376 704 1428 metum
728 1373 835 1446 spiritu
858 1377 888 1430 et
911 1390 1045 1448 corpore,

248 1459 288 1518 30
312 1475 513 1532 superquam
535 1456 644 1512 bonum
667 1457 704 1513 ob
728 1464 827 1514 actum
849 1460 1012 1533 requiescit
1033 1457 1185 1526 Dominus,
1286 1501 1289 1504 -
1369 1459 1380 1544 ,

308 1546 452 1618 cuiusque
474 1543 553 1598 iusta
574 1543 604 1598 in
627 1560 716 1599 carne
733 1543 843 1600 Christi
865 1549 966 1617 portat
988 1544 1137 1618 stigmata,

274 1646 277 1649 ·
308 1633 339 1686 et
361 1629 445 1709 cuius
469 1628 533 1683 sola
556 1632 729 1684 sustentans
753 1629 898 1703 gloriatur
918 1631 948 1685 in
972 1645 1068 1684 cruce.

306 1765 437 1840 Impiger
460 1763 618 1821 credentes
641 1766 740 1838 poscit
762 1764 888 1839 dapibus
912 1765 1102 1842 coelestibus,

307 1867 345 1907 ne
367 1853 417 1925 qui
439 1848 577 1907 videntur
600 1867 667 1905 cum
690 1849 807 1907 Christe
830 1853 860 1906 in
882 1853 931 1907 via
954 1851 1105 1918 deficiant3

246 1935 286 1996 35
309 1936 418 2014 quibus
442 1941 556 2010 erogat,
581 1941 613 1990 ut
634 1952 738 2008 panea,
762 1936 855 1993 verba
877 1936 1060 2016 evangelica,

307 2026 338 2079 et
360 2023 444 2078 euius
467 2021 710 2095 multiplicantur,
734 2025 768 2076 ut
789 2039 905 2088 manna,
929 2023 958 2078 in
981 2021 1123 2076 manibus.

307 2157 431 2215 Kastam
454 2159 505 2231 qui
528 2156 661 2231 custodit
683 2175 802 2214 carnem
825 2157 862 2213 ob
885 2174 1016 2213 amorem
1037 2157 1162 2224 Domini,

308 2259 397 2317 quam
419 2259 539 2298 caruem
561 2243 704 2316 templum
726 2245 843 2316 parauit
866 2243 1036 2318 sanctoque
1060 2243 1192 2316 Spiritui,
1281 2277 1285 2290 ι

308 2345 325 2383 a
348 2345 407 2402 quo
431 2333 604 2384 constanter
626 2346 693 2384 cum
715 2327 832 2384 mundis
855 2326 1027 2402 possidetur
1049 2328 1175 2395 actibus,
1276 2391 1279 2396 ,

243 2414 285 2473 4⁰
308 2430 398 2488 quarn
421 2417 451 2468 et
472 2413 601 2470 hostiam
622 2415 791 2488 placentem
814 2415 911 2470 vivam
934 2413 1020 2469 offert
1042 2413 1176 2470 Domino.

306 2550 481 2626 Lumenque
504 2549 604 2608 muudi
627 2567 796 2618 accensum,
819 2552 935 2624 ingens,
959 2549 1174 2623 evangelicum,
1218 2623 1219 2630 ἵ

306 2637 336 2692 ιιι
359 2633 537 2692 candelabro
560 2635 700 2704 levatum,
724 2639 787 2692 toto
810 2637 928 2710 fulgens
952 2634 1087 2700 saeculo;
1155 2695 1160 2711 ,

217 2737 220 2740 ·
308 2723 412 2778 civitas
435 2723 516 2796 regis
539 2713 651 2778 mu'nita
674 2737 765 2796 supra
786 2725 916 2777 montem
938 2721 1050 2794 posita;

307 2809 395 2882 copia
416 2807 445 2864 in
469 2823 528 2881 qua
552 2813 598 2863 est
620 2807 714 2862 multa
737 2823 826 2882 quam
849 2807 991 2862 Dominus
1014 2804 1158 2880 possidet.

244 2944 284 3002 la
307 2943 454 3000 Maximus
477 2959 604 3016 namque
627 2945 657 2998 in
679 2960 773 3016 regno
797 2942 947 3000 coelorum
969 2941 1132 3008 vocabitur,

308 3030 359 3104 qui
382 3027 463 3102 quod
484 3027 582 3086 verbis
606 3027 695 3084 docet
718 3029 820 3096 saone,
843 3029 930 3084 lactis
953 3026 1097 3100 adimplet
1118 3027 1215 3094 bonis,

307 3114 385 3170 bono
408 3113 562 3186 praecedit
585 3114 718 3188 exemplo
741 3113 924 3188 formamque
946 3112 1086 3180 fidelium,

309 3197 478 3291 mundoque
500 3199 529 3256 in
553 3197 642 3254 corde
665 3198 757 3255 habet
779 3198 818 3254 ad
839 3199 936 3256 Deum
957 3197 1104 3256 fiduciam.

304 3337 419 3392 Nomen
440 3335 495 3392 Dei
517 3333 662 3391 audenter
684 3333 839 3401 adnuntiat
861 3333 1008 3408 gentibus,

243 3423 285 3482 50
307 3421 415 3498 quibus
438 3421 565 3477 lavacris
589 3421 693 3476 salutis
716 3425 867 3476 aeternam
891 3419 943 3475 dat
965 3421 1100 3494 gratiam,

305 3526 360 3582 pro
384 3523 509 3580 quorum
532 3511 597 3562 erat
619 3505 737 3562 delictis
760 3505 799 3560 ad
821 3505 916 3562 Deum
938 3503 1081 3578 quotidie,

306 3610 361 3667 pro
385 3592 502 3667 quibus,
525 3597 559 3648 ut
573 3593 637 3648 Deo
661 3589 777 3666 dignas,
799 3591 992 3664 immolatque
1012 3590 1153 3661 hostiam

307 3713 432 3769 Omnem
454 3729 508 3784 pro
532 3710 631 3768 divina
652 3711 721 3784 lege
743 3709 844 3766 mundi
867 3711 981 3783 spernit
1003 3709 1137 3784 gloriam,

308 3799 359 3873 qui
382 3802 489 3853 cuncta
512 3796 550 3851 ad
573 3798 658 3852 euius
678 3813 813 3852 mensam
837 3797 975 3851 aestimat
991 3795 1169 3870 'quisquilia

136 3881 140 3890 '
243 3882 283 3942 55
307 3899 362 3939 nec
385 3883 533 3956 ingruenti
557 3887 692 3939 movetur
713 3881 813 3937 mundi
836 3881 924 3936 huius
948 3880 1079 3946 fulmine,

310 3965 415 4024 sedin
438 3965 732 4034 adversislaetatur,
757 3983 823 4022 eum
845 3983 899 4039 pro
923 3965 1041 4024 Christo
1064 3965 1185 4038 patitur.

308 4086 417 4144 Pastor
438 4086 534 4143 bonus
558 4091 588 4143 et
610 4085 706 4142 fidelis
730 4087 831 4160 gregis
855 4086 1029 4160 evangelici,

309 4189 398 4247 quem
420 4171 501 4228 Deus
523 4173 578 4230 Dei
602 4173 695 4246 elegit
717 4169 868 4228 custodire
890 4171 1043 4244 populum,

308 4261 452 4332 suamque
475 4273 602 4330 pascere
623 4255 742 4331 plebem
764 4255 871 4329 divinis
895 4255 1094 4330 dogmatibuS,

244 4343 285 4402 60
307 4361 363 4418 pro
386 4357 445 4418 qua
467 4343 638 4401 ad.(lhristi
662 4343 827 4416 exemplum
851 4358 934 4398 suam
956 4339 1048 4398 tradit
1069 4341 1203 4397 animam.
