2728 5028
705 397 771 472 U
838 420 845 430 ·

411 581 457 638 Sit
479 597 611 638 summac
627 580 727 638 Triadi
744 582 851 656 gloria,
866 581 942 648 laus,
965 579 1073 638 bonor:

409 668 437 722 A
460 683 519 742 qua
542 667 727 741 suppliciter,
753 667 881 724 sollicita
902 682 1026 740 preca·

410 751 508 809 Poseo
531 753 663 826 Virginei
684 751 800 810 roboris
821 751 956 822 aemulas

513 839 599 896 Vires
621 838 711 896 rebus
733 840 763 896 in
785 839 910 912 asperis.

292 975 421 1034 Arevalo
443 975 462 1032 l
487 992 512 1031 c.
535 993 564 1050 p.
590 973 660 1034 336.

480 1303 648 1372 Summae
669 1303 772 1372 Deua
794 1305 1006 1373 clementiae.

248 1388 280 1458 Iu
298 1405 383 1458 Festo
403 1405 516 1474 Septem
534 1405 671 1458 Dolorum
690 1405 769 1460 Dom.
788 1405 837 1458 III.
856 1407 1013 1474 Septembr.
1048 1404 1094 1461 Ad
1111 1401 1234 1456 Laudes.

568 1474 609 1526 Ex
626 1475 737 1528 indultu
755 1476 920 1543 apostolico.

273 1604 410 1660 Summae
432 1605 513 1661 Deus
537 1605 721 1672 clementiae,
809 1605 854 1662 Sit
876 1607 1007 1680 quinque
1029 1603 1099 1662 Iesu
1125 1602 1272 1661 vulnerum
1357 1539 1359 1602 4

274 1690 395 1764 Septem
417 1690 534 1747 Doloris
562 1691 701 1766 Virginis,
749 1691 787 1750 10
810 1691 921 1747 Amara
944 1691 1167 1766 contemplatio,
1234 1699 1238 1705 '
1356 1605 1359 1764 1

272 1775 443 1850 Plagasque
466 1775 535 1832 Iesu
557 1776 622 1832 Filii
809 1775 875 1832 Sint
897 1781 928 1833 et
949 1777 1077 1834 Dolores
1099 1775 1230 1849 Virginis
1327 1826 1331 1831 .
1358 1764 1360 1782 '

272 1860 330 1916 Fac
353 1862 413 1917 rite
432 1879 486 1917 nos
508 1861 672 1919 revolvere.
807 1862 941 1919 Aetcma
963 1864 1081 1942 curretis
1103 1858 1222 1936 gaudia.
1357 1783 1360 1982 4

1358 1983 1360 2010 t

217 2013 249 2086 ,5
273 2014 364 2070 Nobis
388 2016 516 2071 salutem
539 2015 693 2072 conserant
808 2015 952 2072 Iesuxtibi
975 2017 1014 2073 sit
1035 2016 1139 2090 gloria,

274 2100 420 2173 Deiparae
444 2105 489 2156 tot
510 2101 676 2174 iacrymae3
718 2117 721 2126 ·
808 2099 864 2170 Qui
886 2118 996 2175 passus
1020 2119 1052 2158 es
1074 2117 1129 2176 pro
1153 2097 1270 2156 seruulis

273 2184 386 2253 Quibus
408 2186 508 2242 lavare
533 2185 642 2242 sufficit
749 2186 785 2245 15
810 2185 884 2243 Cum
899 2185 998 2255 Patre,
1023 2192 1053 2244 et
1075 2187 1153 2242 almo
1169 2184 1271 2258 Spiritu

272 2269 376 2327 Totius
399 2271 479 2328 orbis
506 2273 636 2330 crimina.
808 2271 842 2329 111
866 2274 1050 2352 sempiterna
1070 2271 1215 2330 saecula.-

903 2420 908 2456 i

478 2599 584 2669 Coelo
607 2553 809 2690 redemptor
834 2603 1012 2690 praetulit.

344 2701 375 2754 Iu
393 2702 478 2755 Festo
496 2703 686 2756 Maternitatis
704 2701 734 2756 B.
753 2701 790 2756 M.
809 2703 842 2756 V.
879 2703 959 2756 Dom.
977 2703 1011 2756 II.
1027 2703 1143 2758 Octobr.

499 2851 501 2854 y
564 2771 605 2824 Ex
624 2772 735 2824 indultu
754 2773 918 2840 apostolico.
956 2823 959 2828 ,

273 2900 363 2956 Coelo
386 2900 547 2958 Redemtor
569 2903 712 2976 praetulit
810 2903 886 2976 Spes
902 2903 982 2959 taeta
1004 2907 1140 2976 nostroe
1155 2903 1268 2975 pectore

261 2985 380 3042 Felicis
401 2987 499 3044 alvum
521 2987 659 3062 virginio,
701 3046 709 3056 x
743 2987 905 3054 ¹10Pellat
928 2990 1049 3044 timores
1072 2989 1187 3044 anxios:

273 3069 394 3128 Caduca
415 3072 547 3128 membra
573 3074 628 3130 ubi
652 3060 742 3153 Deus,
809 3073 892 3130 Haec
914 3075 1028 3149 quippe,
1041 3079 1160 3130 nostras
1181 3072 1267 3141 lacry-

272 3155 400 3212 Mortale
424 3173 532 3232 corpus
556 3157 659 3218 induit.
1101 3175 1173 3226 mas,

297 3262 307 3273 ⁸
808 3233 990 3331 Precesque¹
1005 3242 1103 3302 desert
1124 3244 1201 3300 Filio.

229 3395 248 3452 5
272 3395 353 3452 Haec
377 3397 467 3472 Virgo
490 3398 575 3456 uobis
599 3397 699 3474 edidit
741 3441 748 3452 ,
805 3382 902 3458 Voces
923 3399 1058 3476 parentis
1081 3398 1195 3471 excipit,

271 3480 400 3540 Nostrae
425 3484 529 3543 salutis
552 3486 714 3558 auspicem,
809 3485 955 3560 votisque
977 3485 1073 3542 Natus
1097 3483 1206 3556 annuit..

272 3564 329 3634 Qui
352 3587 406 3625 nos
429 3569 556 3626 redemit
579 3569 781 3643 Sanguinaib
805 3565 1262 3644 Hancquisquesemperdffigat,

270 3650 397 3722 Poenas,
415 3671 594 3730 crucemque
608 3657 741 3730 pertulit.
807 3655 970 3730 Rebusque
985 3657 1015 3712 in
1039 3657 1129 3714 arctis
1150 3651 1264 3710 invocet.

514 3809 566 3865 Sit·
581 3808 718 3865 Trinitati
741 3810 856 3883 glorias

512 3894 596 3964 Quae
618 3897 721 3951 matris
744 3897 888 3952 intactum
910 3896 1006 3961 sinum
1110 3910 1125 3928 ¹·

511 3981 624 4038 Ditsvit
647 3981 725 4036 almo
749 3981 897 4050 Germine,

449 4064 490 4124 20
512 4063 593 4124 Laus
617 4067 656 4122 sit
670 4084 733 4140 per
755 4084 842 4124 omne
865 4066 1027 4126 saeculum.

641 4227 844 4238 uam—...0-
