2772 5024
735 400 917 482 ns*

278 607 282 618 ’
387 589 564 666 subasgars
586 591 666 660 mihi,
689 605 813 666 quaeso,
834 593 954 666 posito,
1001 553 1005 558 -

387 677 477 732 maris
499 678 601 752 magni
629 677 712 736 velut
733 679 763 733 in
784 674 927 751 periculo.

346 796 364 853 5
388 795 428 854 Ut
449 813 508 851 non
531 791 755 853 secum=trahat
777 813 823 854 me
846 793 1012 854 mortalitas

385 881 475 938 huius
498 883 565 938 anni
587 899 686 958 neque
708 881 808 938 mundi
830 885 955 950 vanitas,

389 974 419 1023 et
441 967 498 1023 hoc
521 963 600 1023 idem
621 974 692 1042 peto
720 985 738 1023 a
761 965 934 1024 sublimibus
1030 983 1035 1001 ⁸

387 1051 528 1109 caelestis
554 1053 658 1109 militia
684 1051 852 1112 virtutibus.

386 1171 431 1228 Ne
453 1189 500 1230 me
522 1172 658 1247 linquant
680 1171 873 1230 lacerandum
893 1172 1041 1241 hostibus,

325 1256 363 1314 1⁰
386 1237 441 1316 sed
463 1255 624 1314 defendant
646 1258 705 1314 iam
727 1259 816 1316 armis
839 1257 975 1326 fortibus,
1088 1277 1093 1285 ·

325 1382 330 1387 ,
386 1348 485 1402 etms
507 1343 550 1400 illi
572 1341 755 1416 praecedant
777 1345 807 1400 in
830 1345 894 1400 acic

385 1429 524 1486 caelestis
547 1430 694 1486 exercitus
716 1429 845 1486 miiitiae.

385 1527 524 1604 Cerubim
548 1553 578 1603 et
601 1547 757 1622 Seraphim
780 1565 847 1604 cum
869 1547 1023 1618 millibus,

384 1631 528 1690 Gabrihel
551 1637 581 1689 ct
603 1633 755 1689 Michahel
778 1633 937 1702 similibus3

323 1717 362 1777 15
386 1723 457 1792 opto
480 1719 613 1787 thronos,
638 1721 783 1786 viventes,
807 1719 1016 1795 archangelos,

278 1856 281 1866 ‚
384 1804 578 1877 principatus,
601 1807 784 1878 potestates,
808 1806 941 1880 angelos.

382 1923 422 1981 Ut
443 1940 490 1994 me
513 1921 606 1980 denso
634 1922 828 1982 defendentes
855 1926 973 2000 agmine

383 2010 517 2066 inimicos
539 2009 656 2066 valeam
675 2015 877 2084 prosternere.

382 2099 446 2150 tum
468 2093 574 2150 deinde
598 2099 735 2152 caeteros
758 2095 958 2170 agonithetae,

318 2178 360 2239 20
382 2179 579 2254 patriarchas,
603 2185 732 2255 quatuor
754 2187 860 2256 quater
881 2180 1055 2256 prophetas.

381 2297 546 2372 Apostolos
569 2301 652 2356 navis
676 2299 786 2356 Christi
807 2306 944 2374 proretas

369 2389 415 2462 ¹et
435 2388 583 2456 martyres
606 2402 709 2450 ornnes
730 2390 802 2460 peto
825 2386 994 2442 anathletas

381 2473 416 2524 ut
438 2485 485 2524 me
506 2485 562 2543 per
586 2485 638 2526 eos
663 2470 744 2527 salus
768 2472 866 2544 sepiat

381 2559 473 2628 atque
496 2571 581 2611 omne
604 2555 714 2612 malurn
736 2573 754 2612 a
776 2569 822 2612 me
844 2562 958 2630 pereat.

316 2673 357 2734 25
382 2673 519 2731 Christus
542 2677 659 2730 mecum
680 2679 803 2750 paetum
824 2677 940 2750 firmum
962 2677 1059 2745 feriat,
1124 2653 1130 2658 “

380 2759 481 2828 timor,
505 2765 616 2816 tremor
638 2765 732 2816 tetras
755 2761 857 2817 turbas
880 2768 1001 2819 terreat.

323 2845 325 2848 ’
381 2842 465 2912 deus,
488 2844 696 2918 inpenetrabili
718 2846 813 2902 tutela

303 2965 308 2978 .
380 2929 512 3004 undique
534 2947 581 2990 me
600 2929 731 2988 deiende
752 2934 897 3006 potentia.

381 3061 442 3121 Mei
466 3065 578 3140 gybrae
602 3083 711 3140 pernas
735 3083 836 3123 ornnes
859 3068 962 3139 libera,
1077 3087 1079 3091 ·

316 3149 358 3210 30
380 3155 445 3220 tnta
466 3151 549 3224 pelta
570 3157 748 3226 protegente
772 3154 897 3227 singula,

379 3241 494 3292 utnon
516 3237 585 3292 tetri
608 3237 769 3293 daemones
791 3240 820 3293 in
844 3239 938 3294 latera

322 3343 324 3346 ¹
380 3337 447 3378 mea
466 3321 583 3390 librent,
607 3327 641 3378 ut
660 3323 767 3393 solent,
789 3324 895 3380 iacula.

378 3457 519 3534 Gigram,
543 3459 689 3534 cepphale
713 3475 780 3535 cam
801 3461 871 3516 iaris
894 3465 925 3517 et
948 3478 1049 3532 conas,

378 3550 496 3618 potam,
519 3545 663 3619 liganam,
692 3549 800 3602 sannas
821 3551 913 3620 atque
936 3549 1101 3619 michinae,

315 3629 355 3688 35
379 3629 551 3697 ehaladum,
572 3629 754 3696 charsssum,
778 3625 955 3700 medianum,
978 3625 1076 3704 talias,

378 3714 491 3782 batma,
516 3717 652 3790 exugiam
675 3719 766 3789 atque
788 3714 873 3774 binas
895 3717 1028 3776 edumas.
1084 3724 1085 3727 ’

377 3849 448 3908 Meo
470 3867 542 3924 ergo
561 3867 633 3917 ¹cum
656 3849 770 3924 capillis
793 3857 824 3907 et
845 3855 949 3910 vertici

378 3935 466 4010 galea
489 3935 593 3992 salutis
617 3940 682 3990 esto
706 3937 804 4009 capiti,

377 4020 480 4088 fronti,
505 4021 599 4076 oculis
623 4026 653 4077 et
675 4019 796 4084 cerebro
819 4022 952 4092 triformi,

313 4102 356 4162 40
377 4109 486 4172 rostro,
510 4104 598 4172 labio,
622 4105 717 4172 faciei,
741 4109 878 4181 tympori.

377 4239 490 4308 Mento,
513 4239 634 4308 barbae,
658 4241 835 4315 superciliis,
858 4244 990 4312 auribus,

378 4326 473 4402 genis,
495 4325 608 4416 buccis,
631 4327 796 4396 interraso,
819 4328 949 4400 naribus,
