2732 5026
693 421 758 495 alc

278 607 338 666 Sed
361 625 396 666 eo
417 607 603 674 revertimur,
626 613 660 663 ut
681 605 764 680 longi
792 604 929 660 carminis
960 601 1166 660 diremtionem
1195 621 1260 677 prc-
1355 649 1358 664 .

192 711 360 771 sequamur.
405 691 565 749 Probabile
588 696 643 760 est,
667 691 824 765 hymnum:
853 689 917 746 Nil
939 691 1089 746 canitur
1112 690 1262 746 suavius

97 833 99 844 ,
190 780 294 855 populi
317 773 450 837 favorem
471 779 555 835 breii
571 777 713 852 adeptum
731 792 808 844 esse,
833 777 916 831 culus
939 777 983 832 rei
1003 777 1207 831 testimonium
1230 791 1263 831 ex

190 869 257 940 ipsa
279 866 416 923 versione
440 865 610 939 germanica
633 865 767 937 apparet.
812 859 949 921 Adeam
978 861 1204 919 venerationem
1231 874 1264 916 ex

191 952 270 1009 illius
294 951 438 1024 temporis
462 949 561 1006 indole
583 965 650 1005 mox
673 948 804 1004 accessit
832 945 1032 1021 interpolandi
1061 945 1265 1020 dilatandique

192 1035 331 1103 studium,
355 1033 434 1090 unde
451 1035 572 1090 saeculo
592 1031 668 1090 XIV.
684 1033 838 1114 profectus
862 1037 909 1090 est
928 1033 1069 1107 hymnus:
1093 1031 1177 1088 lesu
1194 1030 1267 1086 dul·

191 1123 247 1178 cis
269 1123 458 1178 memoria.
502 1121 552 1175 Me
574 1119 672 1176 iudice
696 1117 796 1174 Codex
818 1118 853 1174 A.
879 1119 1019 1192 strophas
1042 1119 1180 1174 carminis
1205 1118 1266 1173 iere

192 1207 231 1263 ad
253 1223 342 1262 unam
365 1221 467 1261 omnes
490 1205 624 1279 praebet,
649 1203 785 1260 sednon
809 1222 844 1260 ex
867 1203 969 1260 ordine
1000 1205 1145 1279 genuino,
1177 1219 1267 1277 quem

191 1291 399 1367 perturbatum
422 1307 489 1346 esse
513 1291 656 1347 existimo.
694 1289 798 1346 Multis
822 1289 953 1363 strophis
974 1291 1070 1346 cuivis
1092 1287 1124 1344 id
1147 1305 1266 1344 carmen

194 1377 347 1432 dumtaxat
369 1377 502 1438 intuenti,
517 1377 652 1449 protinus
677 1379 803 1449 apparet
826 1375 1011 1449 primaevum
1034 1391 1153 1431 carmen
1175 1375 1265 1430 latius

193 1461 328 1530 distrahi,
352 1466 386 1517 ut
407 1455 513 1518 versus
538 1460 712 1519 113-120.
734 1461 853 1534 longius
869 1466 1093 1536 prosequuntur
1108 1477 1266 1534 argumen-

193 1551 257 1604 tum
279 1564 421 1604 versuum
446 1546 621 1604 loa-112.
659 1545 731 1614 Iam,
756 1547 781 1602 si
803 1545 847 1602 De
869 1545 993 1602 Meleon
1015 1544 1167 1622 (Voyages
1183 1545 1266 1600 litur-

194 1635 302 1708 giques
325 1651 354 1706 p.
377 1628 450 1696 233)
473 1629 604 1700 tradidit,
625 1633 656 1687 in
671 1635 791 1689 vetusto
815 1629 945 1706 quodam
968 1630 1071 1688 codice
1089 1631 1267 1688 Cistercien·

194 1720 271 1774 sium
285 1716 506 1774 Vallis-Cemaii
520 1717 631 1790 hymno
647 1721 749 1773 nostro
763 1717 939 1790 inscriptum
955 1733 1038 1774 esse:
1069 1715 1266 1772 Meditatio

194 1801 388 1862 cuiusdam
411 1807 569 1858 sanctae
591 1803 746 1876 virginis
777 1799 821 1858 de
852 1819 970 1858 amore
994 1801 1154 1869 Christi,
1186 1801 1268 1856 nulla

193 1889 283 1964 plane
307 1893 354 1944 est
375 1889 456 1944 iusta
477 1889 563 1955 ratio,
587 1905 640 1944 cur
662 1886 699 1943 de
729 1889 793 1943 eius
823 1888 901 1944 tituli
931 1889 1057 1946 veritate
1088 1887 1267 1943 dubitemus.

194 1974 295 2048 Atque
318 1975 453 2029 nimirum
475 1974 588 2046 pariter
608 1972 762 2046 probabile
785 1971 918 2041 videtur,
949 1979 980 2030 et
1009 1973 1140 2048 aliquam
1166 1988 1269 2028 mona·

195 2059 282 2116 cham
312 2058 541 2114 cisterciensem
570 2059 601 2114 in
629 2057 711 2133 libris¹
740 2057 907 2114 fundatoris
935 2048 1059 2133 regulae
1089 2073 1161 2132 suae
1191 2057 1269 2114 bene

150 2211 154 2218 Ι
196 2148 347 2201 versatam
369 2144 471 2211 fuisse,
497 2148 528 2198 et
550 2143 676 2199 eandem
697 2143 781 2199 locos
812 2143 879 2200 inde
904 2143 1097 2218 depromptos
1127 2161 1181 2200 suo
1205 2161 1271 2200 car-

195 2230 266 2286 mini
287 2229 457 2285 intexuisse.
503 2227 591 2296 Quod
613 2230 655 2284 ita
677 2229 789 2284 factum
812 2246 880 2285 esse
902 2230 990 2286 facile
1019 2226 1158 2303 apparet,
1183 2233 1218 2284 ut
1240 2229 1271 2286 in

196 2315 306 2382 multis
331 2315 356 2369 si
379 2319 569 2387 comparatur
591 2313 676 2370 locus
693 2331 728 2369 ex
744 2313 837 2370 Serm.
865 2313 912 2372 15.
936 2317 966 2371 in
982 2313 1083 2372 Cant:
1106 2315 1192 2372 Iesus
1215 2315 1272 2370 mel

196 2403 227 2457 in
249 2417 309 2466 ore,
332 2401 362 2454 ia
384 2417 455 2455 aare
478 2401 573 2466 melos,
596 2401 626 2455 ia
649 2400 735 2456 corde
757 2402 863 2457 iubilate
883 2419 950 2456 curn
974 2401 1110 2458 carminis
1128 2399 1270 2474 stropha:

196 2485 285 2541 Iesu
309 2483 422 2540 decus
446 2485 664 2558 angelicum.

282 2569 357 2625 Tum
381 2587 459 2626 saec.
476 2569 537 2626 XV.
561 2571 723 2627 novissima
746 2575 776 2626 et
798 2572 887 2627 tertia
902 2571 1092 2650 interpolatio
1108 2571 1190 2627 facta
1213 2575 1271 2640 est,

198 2659 229 2713 et
252 2671 288 2712 ea
311 2671 328 2710 a
351 2655 475 2712 diversis
499 2655 686 2722 auctoribus,
716 2653 796 2712 unde
826 2661 985 2713 centonum
1014 2656 1173 2714 diversitas
1204 2661 1273 2713 orta

198 2747 253 2799 est.
299 2741 397 2797 Causa
419 2738 633 2813 interpolaudi,
665 2739 696 2796 id
719 2740 800 2814 quod
829 2741 948 2798 Monius
968 2747 1052 2798 reete
1073 2741 1162 2810 vidit,
1192 2741 1273 2799 haec

197 2828 262 2894 fuit,
287 2825 368 2901 quod
391 2843 426 2882 ex
449 2827 579 2882 carmine
602 2825 737 2882 omnibus
761 2829 930 2900 gratissimo
946 2822 1089 2884 roseriam
1106 2829 1274 2884 orationem

198 2913 262 2968 fieri
284 2911 409 2978 vellent;
433 2916 524 2984 atque
548 2909 653 2967 eadem
669 2928 764 2968 causa
776 2914 1063 2988 quinquagenarium
1080 2913 1275 2986 stropharum

199 3013 352 3052 numerum
367 2996 540 3070 postulavit.
578 2997 607 3052 S.
623 2996 790 3053 Bernhardi
804 3016 921 3066 nomen,
937 3005 971 3055 ut
994 2999 1057 3056 fieri
1070 3000 1156 3073 solet,
1181 2999 1275 3055 etiarn

200 3083 322 3138 carmini
344 3083 374 3136 in
397 3085 512 3136 tantam
533 3083 733 3154 prolixitatem
762 3082 884 3140 diducto
913 3084 1074 3142 inscribere
1101 3073 1273 3158 perrexere.

285 3165 374 3234 Quod
396 3167 503 3222 attinet
533 3165 571 3222 ad
599 3167 787 3224 lutheranam
815 3169 896 3226 illam
924 3171 1118 3226 imitationem
1139 3171 1170 3225 in
1192 3171 1275 3226 The·

201 3269 289 3308 sauro
305 3255 513 3307 memoratam:
546 3251 571 3308 0
594 3251 679 3308 Iesu
703 3255 788 3310 siiss
811 3272 878 3310 nur
894 3253 976 3311 dein
992 3254 1168 3330 gedanie,
1191 3255 1276 3312 Mirt-

200 3337 257 3394 uell
280 3335 321 3396 da
339 3337 465 3392 Mollerc
483 3337 545 3392 eius
569 3342 691 3394 auctore
708 3338 833 3408 dubitat,
858 3339 939 3414 quod
961 3341 990 3396 in
1014 3343 1077 3398 eius
1099 3339 1276 3398 Meditatio·

199 3422 285 3479 nibus
309 3421 360 3479 SS.
382 3421 506 3478 Petrum
529 3439 594 3479 eam
617 3441 764 3498 nusquam
786 3427 940 3498 repererit.
979 3425 1039 3482 Sed
1053 3427 1179 3484 forsitan
1202 3427 1276 3483 insit

199 3505 229 3565 in
252 3507 386 3564 eiusdem
401 3508 533 3564 Manuali
544 3507 585 3564 de
600 3509 833 3584 Praeparationc
857 3510 895 3566 ad
910 3517 1035 3568 mortem
1050 3511 1142 3578 (Cunz
1159 3511 1274 3569 Gesch.

200 3592 255 3651 des
277 3593 427 3650 Kirchenl.
451 3593 487 3648 ll.
501 3592 561 3655 IV.)
570 3592 603 3660 *).
640 3594 737 3664 Quam
760 3613 829 3652 cara
853 3613 888 3652 ea
911 3599 1008 3654 cantio
1031 3599 1150 3672 priscae
1175 3600 1276 3654 eccle-

201 3681 263 3735 siae
291 3679 467 3735 lutheranae
498 3679 602 3748 fuerit,
634 3679 665 3736 id
693 3683 821 3738 etiams
849 3683 912 3739 Val.
941 3681 1122 3758 Herbergeri
1143 3681 1277 3741 Postilla

201 3765 360 3840 colligitur,
383 3765 412 3820 in
430 3781 489 3838 qua
504 3765 745 3840 frequentissima
769 3767 877 3824 estad
900 3785 965 3824 eam
984 3769 1098 3826 relatio.
1136 3767 1277 3844 Exempli

207 3891 401 3900 ---—-.-—-··-

268 3939 294 4005 *)
312 3939 397 3991 Aliud
415 3955 526 3994 carmen
544 3941 698 3995 lectoribus
717 3944 932 3997 communicavit
953 3942 1113 3998 Mdtzelli'us
1127 3945 1277 4001 Francisci

200 4007 384 4074 Algermanni
408 4008 583 4076 (Ephemeris
599 4013 773 4078 hymnorum
798 4013 1053 4069 ecclesiasticorum
1082 4029 1116 4067 ex
1139 4014 1277 4068 Patribus

201 4075 306 4128 selecta
323 4074 490 4129 Helmstadt.
510 4079 586 4143 1596)
609 4078 670 4132 Mic
693 4077 803 4132 Maria
825 4081 881 4134 ich
905 4077 1032 4134 sucheir
1055 4081 1138 4144 will,
1158 4099 1183 4150 p.
1205 4085 1277 4146 905„
1333 4121 1338 4128 -

200 4159 256 4210 quo
275 4143 467 4209 exprimuntur
485 4148 630 4213 strophae:
650 4147 719 4199 Cum
733 4147 824 4201 Maria
842 4149 972 4202 diluculo.
1003 4151 1141 4204 Tumbam
1179 4153 1277 4204 erfuu-

201 4211 265 4264 danr
282 4209 409 4264 fletibus:
435 4211 460 4266 Ο
479 4213 544 4266 lesu
561 4215 599 4267 mi
618 4214 786 4270 dulcissime.
806 4219 840 4284 (t)
868 4217 934 4270 Iesu
953 4231 1002 4272 rex
1021 4219 1157 4272 admirab'
1170 4220 1205 4272 is⁴
1232 4221 1276 4273 Tu

177 4279 301 4332 ,mentis
321 4279 480 4337 delectatio.
516 4277 598 4334 Mane
621 4284 767 4337 nobiscum
790 4284 918 4340 Domine.
953 4289 1041 4340 Amor
1062 4287 1142 4340 Iesus
1169 4288 1276 4342 dulcis·
1356 4283 1358 4320 Ὺ

201 4347 294 4400 simus.
330 4348 450 4413 Quando
469 4365 518 4403 cor
535 4355 664 4404 nostrum
685 4353 792 4406 visitas.
827 4354 888 4410 Hoc
909 4357 1012 4422 probat
1029 4359 1079 4409 tua
1097 4355 1203 4426 passio.
1356 4345 1358 4366 '
