<?xml version="1.0" encoding="UTF-8"?>
<!DOCTYPE html PUBLIC "-//W3C//DTD XHTML 1.0 Transitional//EN"
    "http://www.w3.org/TR/xhtml1/DTD/xhtml1-transitional.dtd">
<html xmlns="http://www.w3.org/1999/xhtml" xml:lang="en" lang="en">
 <head>
  <title>
</title>
<meta http-equiv="Content-Type" content="text/html;charset=utf-8" />
  <meta name='ocr-system' content='tesseract 3.04.00' />
  <meta name='ocr-capabilities' content='ocr_page ocr_carea ocr_par ocr_line ocrx_word'/>
</head>
<body>
  <div class='ocr_page' id='page_1' title='image "./thesaurushymnol04danigoog/thesaurushymnol04danigoog_0734.png"; bbox 0 0 2836 5024; ppageno 0'>
   <div class='ocr_carea' id='block_1_1' title="bbox 256 606 1367 707">
    <p class='ocr_par' dir='ltr' id='par_1_1' title="bbox 256 606 1367 707">
     <span class='ocr_line' id='line_1_1' title="bbox 256 606 1367 707; baseline 0 -15"><span class='ocrx_word' id='word_1_1' title='bbox 256 651 393 707; x_wconf 81' lang='lat' dir='ltr'><strong>oaymus:</strong></span> <span class='ocrx_word' id='word_1_2' title='bbox 417 606 547 692; x_wconf 74' lang='lat' dir='ltr'><strong>‘Galrad</strong></span> <span class='ocrx_word' id='word_1_3' title='bbox 579 651 702 690; x_wconf 74' lang='lat' dir='ltr'><strong>acerw</strong></span> <span class='ocrx_word' id='word_1_4' title='bbox 732 633 830 689; x_wconf 73' lang='lat' dir='ltr'><strong>restis.-</strong></span> <span class='ocrx_word' id='word_1_5' title='bbox 873 649 995 691; x_wconf 66' lang='grc' dir='ltr'><strong>πανοπε</strong></span> <span class='ocrx_word' id='word_1_6' title='bbox 1027 632 1193 690; x_wconf 71' lang='lat' dir='ltr'><strong>esame.-</strong></span> <span class='ocrx_word' id='word_1_7' title='bbox 1226 637 1304 690; x_wconf 74' lang='lat' dir='ltr'><strong>iruar</strong></span> <span class='ocrx_word' id='word_1_8' title='bbox 1365 661 1367 692; x_wconf 69' lang='grc' dir='ltr'><strong>ε</strong></span> 
     </span>
    </p>
   </div>
   <div class='ocr_carea' id='block_1_2' title="bbox 256 715 1305 1050">
    <p class='ocr_par' dir='ltr' id='par_1_2' title="bbox 256 715 1305 1050">
     <span class='ocr_line' id='line_1_2' title="bbox 256 715 1304 793; baseline -0.005 -17"><span class='ocrx_word' id='word_1_9' title='bbox 256 722 391 793; x_wconf 72' lang='lat' dir='ltr'><strong>ms‘prats‘o</strong></span> <span class='ocrx_word' id='word_1_10' title='bbox 428 716 603 776; x_wconf 80' lang='lat' dir='ltr'><strong>terttmonia&#39;.‘</strong></span> <span class='ocrx_word' id='word_1_11' title='bbox 640 718 727 792; x_wconf 73' lang='lat' dir='ltr'><strong>Huqo</strong></span> <span class='ocrx_word' id='word_1_12' title='bbox 760 717 796 772; x_wconf 82' lang='lat' dir='ltr'><strong>de</strong></span> <span class='ocrx_word' id='word_1_13' title='bbox 818 715 847 774; x_wconf 89' lang='lat' dir='ltr'><strong>S.</strong></span> <span class='ocrx_word' id='word_1_14' title='bbox 883 717 952 779; x_wconf 69' lang='lat' dir='ltr'><strong>Vtut.</strong></span> <span class='ocrx_word' id='word_1_15' title='bbox 989 716 1026 772; x_wconf 81' lang='lat' dir='ltr'><strong>de</strong></span> <span class='ocrx_word' id='word_1_16' title='bbox 1061 717 1137 774; x_wconf 77' lang='lat' dir='ltr'><strong>Filia</strong></span> <span class='ocrx_word' id='word_1_17' title='bbox 1170 717 1304 791; x_wconf 54' lang='lat' dir='ltr'><strong>setam:</strong></span> 
     </span>
     <span class='ocr_line' id='line_1_3' title="bbox 259 799 1304 878; baseline -0.003 -18"><span class='ocrx_word' id='word_1_18' title='bbox 259 801 396 873; x_wconf 83' lang='lat' dir='ltr'><strong>‘Galaad‚</strong></span> <span class='ocrx_word' id='word_1_19' title='bbox 426 805 579 872; x_wconf 70' lang='lat' dir='ltr'><strong>aetutem,</strong></span> <span class='ocrx_word' id='word_1_20' title='bbox 614 805 676 862; x_wconf 77' lang='lat' dir='ltr'><strong>aive</strong></span> <span class='ocrx_word' id='word_1_21' title='bbox 707 799 917 860; x_wconf 72' lang='lat' dir='ltr'><strong>testimonium!</strong></span> <span class='ocrx_word' id='word_1_22' title='bbox 962 803 1027 878; x_wconf 73' lang='lat' dir='ltr'><strong>Epo</strong></span> <span class='ocrx_word' id='word_1_23' title='bbox 1055 819 1124 860; x_wconf 80' lang='lat' dir='ltr'><strong>vero</strong></span> <span class='ocrx_word' id='word_1_24' title='bbox 1145 806 1254 878; x_wconf 64' lang='lat' dir='ltr'><strong>polim</strong></span> <span class='ocrx_word' id='word_1_25' title='bbox 1272 804 1304 858; x_wconf 79' lang='lat' dir='ltr'><strong>ita</strong></span> 
     </span>
     <span class='ocr_line' id='line_1_4' title="bbox 257 887 1304 968; baseline 0 -22"><span class='ocrx_word' id='word_1_26' title='bbox 257 891 404 965; x_wconf 75' lang='lat' dir='ltr'><strong>iutellr&#39;qo,</strong></span> <span class='ocrx_word' id='word_1_27' title='bbox 441 898 475 947; x_wconf 82' lang='lat' dir='ltr'><strong>ut</strong></span> <span class='ocrx_word' id='word_1_28' title='bbox 509 890 545 946; x_wconf 80' lang='lat' dir='ltr'><strong>de</strong></span> <span class='ocrx_word' id='word_1_29' title='bbox 577 897 745 946; x_wconf 82' lang='lat' dir='ltr'><strong>coacervato</strong></span> <span class='ocrx_word' id='word_1_30' title='bbox 776 890 938 946; x_wconf 71' lang='lat' dir='ltr'><strong>testimonio</strong></span> <span class='ocrx_word' id='word_1_31' title='bbox 975 895 1119 968; x_wconf 64' lang='lat' dir='ltr'><strong>scutorum</strong></span> <span class='ocrx_word' id='word_1_32' title='bbox 1153 887 1304 960; x_wconf 61' lang='lat' dir='ltr'><strong>illaturum</strong></span> 
     </span>
     <span class='ocr_line' id='line_1_5' title="bbox 258 973 1305 1050; baseline -0.004 -18"><span class='ocrx_word' id='word_1_33' title='bbox 258 975 317 1040; x_wconf 81' lang='lat' dir='ltr'><strong>(est</strong></span> <span class='ocrx_word' id='word_1_34' title='bbox 338 977 412 1032; x_wconf 83' lang='lat' dir='ltr'><strong>enim</strong></span> <span class='ocrx_word' id='word_1_35' title='bbox 434 975 470 1032; x_wconf 79' lang='lat' dir='ltr'><strong>de</strong></span> <span class='ocrx_word' id='word_1_36' title='bbox 486 977 623 1050; x_wconf 77' lang='lat' dir='ltr'><strong>plurimis</strong></span> <span class='ocrx_word' id='word_1_37' title='bbox 644 975 824 1050; x_wconf 65' lang='lat' dir='ltr'><strong>Martyrium</strong></span> <span class='ocrx_word' id='word_1_38' title='bbox 838 973 946 1038; x_wconf 71' lang='lat' dir='ltr'><strong>Pron)</strong></span> <span class='ocrx_word' id='word_1_39' title='bbox 969 975 1082 1032; x_wconf 72' lang='lat' dir='ltr'><strong>acutus</strong></span> <span class='ocrx_word' id='word_1_40' title='bbox 1101 975 1199 1046; x_wconf 72' lang='lat' dir='ltr'><strong>faerit.</strong></span> <span class='ocrx_word' id='word_1_41' title='bbox 1239 973 1305 1039; x_wconf 79' lang='lat' dir='ltr'><strong>dla-</strong></span> 
     </span>
    </p>
   </div>
   <div class='ocr_carea' id='block_1_3' title="bbox 256 1057 1369 1306">
    <p class='ocr_par' dir='ltr' id='par_1_3' title="bbox 256 1057 1369 1306">
     <span class='ocr_line' id='line_1_6' title="bbox 256 1057 1368 1146; baseline -0.003 -30"><span class='ocrx_word' id='word_1_42' title='bbox 256 1061 430 1119; x_wconf 89' lang='lat' dir='ltr'><strong>bastrum.</strong></span> <span class='ocrx_word' id='word_1_43' title='bbox 475 1061 636 1118; x_wconf 83' lang='lat' dir='ltr'><strong>Alabastro</strong></span> <span class='ocrx_word' id='word_1_44' title='bbox 669 1061 766 1117; x_wconf 90' lang='lat' dir='ltr'><strong>carnis</strong></span> <span class='ocrx_word' id='word_1_45' title='bbox 789 1077 844 1134; x_wconf 87' lang='lat' dir='ltr'><strong>per</strong></span> <span class='ocrx_word' id='word_1_46' title='bbox 873 1061 1050 1146; x_wconf 82' lang='lat' dir='ltr'><strong>martyrium</strong></span> <span class='ocrx_word' id='word_1_47' title='bbox 1077 1059 1199 1118; x_wconf 82' lang='lat' dir='ltr'><strong>effracto</strong></span> <span class='ocrx_word' id='word_1_48' title='bbox 1220 1057 1306 1116; x_wconf 79' lang='lat' dir='ltr'><strong>effudit</strong></span> <span class='ocrx_word' id='word_1_49' title='bbox 1367 1071 1368 1076; x_wconf 51' lang='lat'>¹</span> 
     </span>
     <span class='ocr_line' id='line_1_7' title="bbox 259 1143 1369 1228; baseline -0.002 -26"><span class='ocrx_word' id='word_1_50' title='bbox 259 1164 291 1202; x_wconf 87' lang='lat' dir='ltr'><strong>se</strong></span> <span class='ocrx_word' id='word_1_51' title='bbox 314 1147 462 1220; x_wconf 86' lang='lat' dir='ltr'><strong>evangelii</strong></span> <span class='ocrx_word' id='word_1_52' title='bbox 484 1149 625 1204; x_wconf 87' lang='lat' dir='ltr'><strong>suavitas.</strong></span> <span class='ocrx_word' id='word_1_53' title='bbox 670 1145 697 1203; x_wconf 84' lang='lat'><strong>5.</strong></span> <span class='ocrx_word' id='word_1_54' title='bbox 722 1145 805 1202; x_wconf 84' lang='lat' dir='ltr'><strong>Cum</strong></span> <span class='ocrx_word' id='word_1_55' title='bbox 834 1163 897 1202; x_wconf 84' lang='lat' dir='ltr'><strong>vos</strong></span> <span class='ocrx_word' id='word_1_56' title='bbox 927 1145 1151 1202; x_wconf 79' lang='lat' dir='ltr'><strong>reformatis</strong></span> <span class='ocrx_word' id='word_1_57' title='bbox 1179 1143 1305 1200; x_wconf 83' lang='lat' dir='ltr'><strong>bullam.</strong></span> <span class='ocrx_word' id='word_1_58' title='bbox 1368 1183 1369 1228; x_wconf 67' lang='lat'>3</span> 
     </span>
     <span class='ocr_line' id='line_1_8' title="bbox 257 1229 1369 1306; baseline -0.002 -20"><span class='ocrx_word' id='word_1_59' title='bbox 257 1229 362 1288; x_wconf 79' lang='lat' dir='ltr'>Placet</span> <span class='ocrx_word' id='word_1_60' title='bbox 384 1231 488 1288; x_wconf 87' lang='lat' dir='ltr'><strong>Nealio</strong></span> <span class='ocrx_word' id='word_1_61' title='bbox 511 1231 650 1288; x_wconf 74' lang='lat' dir='ltr'><strong>Thenchii</strong></span> <span class='ocrx_word' id='word_1_62' title='bbox 683 1231 849 1306; x_wconf 81' lang='lat' dir='ltr'><strong>explicatio.</strong></span> <span class='ocrx_word' id='word_1_63' title='bbox 894 1231 997 1302; x_wconf 89' lang='lat' dir='ltr'><strong>„Duas</strong></span> <span class='ocrx_word' id='word_1_64' title='bbox 1029 1235 1133 1304; x_wconf 89' lang='lat' dir='ltr'><strong>partes</strong></span> <span class='ocrx_word' id='word_1_65' title='bbox 1156 1229 1305 1286; x_wconf 87' lang='lat' dir='ltr'><strong>Dominicae</strong></span> <span class='ocrx_word' id='word_1_66' title='bbox 1368 1231 1369 1276; x_wconf 71' lang='lat' dir='ltr'><strong>l</strong></span> 
     </span>
    </p>
   </div>
   <div class='ocr_carea' id='block_1_4' title="bbox 257 1315 1306 1561">
    <p class='ocr_par' dir='ltr' id='par_1_4' title="bbox 257 1315 1306 1561">
     <span class='ocr_line' id='line_1_9' title="bbox 257 1315 1306 1390; baseline -0.002 -18"><span class='ocrx_word' id='word_1_67' title='bbox 257 1315 410 1373; x_wconf 83' lang='lat' dir='ltr'><strong>Passionis</strong></span> <span class='ocrx_word' id='word_1_68' title='bbox 433 1318 538 1373; x_wconf 80' lang='lat' dir='ltr'><strong>fuisse:</strong></span> <span class='ocrx_word' id='word_1_69' title='bbox 577 1315 785 1384; x_wconf 81' lang='lat' dir='ltr'><strong>medullam,</strong></span> <span class='ocrx_word' id='word_1_70' title='bbox 817 1318 879 1374; x_wconf 88' lang='lat' dir='ltr'><strong>sive</strong></span> <span class='ocrx_word' id='word_1_71' title='bbox 908 1317 1079 1374; x_wconf 83' lang='lat' dir='ltr'><strong>Interiorem</strong></span> <span class='ocrx_word' id='word_1_72' title='bbox 1102 1332 1163 1390; x_wconf 87' lang='lat' dir='ltr'><strong>qua</strong></span> <span class='ocrx_word' id='word_1_73' title='bbox 1183 1315 1256 1382; x_wconf 84' lang='lat' dir='ltr'><strong>vicit,</strong></span> <span class='ocrx_word' id='word_1_74' title='bbox 1275 1341 1306 1350; x_wconf 97' lang='lat'>-</span> 
     </span>
     <span class='ocr_line' id='line_1_10' title="bbox 257 1399 1306 1476; baseline -0.002 -19"><span class='ocrx_word' id='word_1_75' title='bbox 257 1401 407 1470; x_wconf 91' lang='lat' dir='ltr'><strong>bullam,</strong></span> <span class='ocrx_word' id='word_1_76' title='bbox 442 1404 505 1460; x_wconf 84' lang='lat' dir='ltr'><strong>slve</strong></span> <span class='ocrx_word' id='word_1_77' title='bbox 543 1404 734 1469; x_wconf 81' lang='lat' dir='ltr'><strong>exteriorem,</strong></span> <span class='ocrx_word' id='word_1_78' title='bbox 768 1419 829 1476; x_wconf 87' lang='lat' dir='ltr'><strong>qua</strong></span> <span class='ocrx_word' id='word_1_79' title='bbox 862 1407 988 1458; x_wconf 85' lang='lat' dir='ltr'><strong>mortem</strong></span> <span class='ocrx_word' id='word_1_80' title='bbox 1010 1419 1121 1476; x_wconf 86' lang='lat' dir='ltr'><strong>passus</strong></span> <span class='ocrx_word' id='word_1_81' title='bbox 1145 1405 1199 1458; x_wconf 87' lang='lat' dir='ltr'><strong>est.</strong></span> <span class='ocrx_word' id='word_1_82' title='bbox 1238 1399 1306 1472; x_wconf 81' lang='lat' dir='ltr'><strong>Hanc</strong></span> 
     </span>
     <span class='ocr_line' id='line_1_11' title="bbox 258 1481 1306 1561; baseline -0.004 -18"><span class='ocrx_word' id='word_1_83' title='bbox 258 1487 434 1544; x_wconf 85' lang='lat' dir='ltr'><strong>Passionem</strong></span> <span class='ocrx_word' id='word_1_84' title='bbox 457 1487 508 1545; x_wconf 86' lang='lat' dir='ltr'><strong>SS.</strong></span> <span class='ocrx_word' id='word_1_85' title='bbox 531 1488 681 1561; x_wconf 78' lang='lat' dir='ltr'><strong>Martyres</strong></span> <span class='ocrx_word' id='word_1_86' title='bbox 703 1487 828 1555; x_wconf 86' lang='lat' dir='ltr'><strong>imitari,</strong></span> <span class='ocrx_word' id='word_1_87' title='bbox 851 1488 901 1544; x_wconf 81' lang='lat' dir='ltr'><strong>rel</strong></span> <span class='ocrx_word' id='word_1_88' title='bbox 922 1481 1154 1544; x_wconf 82' lang='lat' dir='ltr'><strong>reformare.“</strong></span> <span class='ocrx_word' id='word_1_89' title='bbox 1198 1487 1236 1542; x_wconf 82' lang='lat' dir='ltr'><strong>At</strong></span> <span class='ocrx_word' id='word_1_90' title='bbox 1260 1502 1306 1540; x_wconf 91' lang='lat' dir='ltr'><strong>non</strong></span> 
     </span>
    </p>
   </div>
   <div class='ocr_carea' id='block_1_5' title="bbox 44 1571 1371 1818">
    <p class='ocr_par' dir='ltr' id='par_1_5' title="bbox 44 1571 1371 1818">
     <span class='ocr_line' id='line_1_12' title="bbox 44 1571 1307 1648; baseline -0.003 -18"><span class='ocrx_word' id='word_1_91' title='bbox 44 1593 86 1604; x_wconf 47' lang='lat'><strong>¹·</strong></span> <span class='ocrx_word' id='word_1_92' title='bbox 142 1590 145 1596; x_wconf 84' lang='grc'><strong>’</strong></span> <span class='ocrx_word' id='word_1_93' title='bbox 258 1571 355 1640; x_wconf 81' lang='lat' dir='ltr'><strong>video,</strong></span> <span class='ocrx_word' id='word_1_94' title='bbox 379 1589 438 1648; x_wconf 88' lang='lat' dir='ltr'><strong>quo</strong></span> <span class='ocrx_word' id='word_1_95' title='bbox 461 1572 550 1629; x_wconf 90' lang='lat' dir='ltr'><strong>modo</strong></span> <span class='ocrx_word' id='word_1_96' title='bbox 571 1573 680 1629; x_wconf 92' lang='lat' dir='ltr'><strong>bulla</strong></span> <span class='ocrx_word' id='word_1_97' title='bbox 701 1573 800 1646; x_wconf 84' lang='lat' dir='ltr'><strong>possit</strong></span> <span class='ocrx_word' id='word_1_98' title='bbox 823 1574 993 1648; x_wconf 86' lang='lat' dir='ltr'><strong>significare</strong></span> <span class='ocrx_word' id='word_1_99' title='bbox 1017 1575 1196 1630; x_wconf 83' lang='lat' dir='ltr'><strong>exteriorem</strong></span> <span class='ocrx_word' id='word_1_100' title='bbox 1210 1575 1307 1647; x_wconf 88' lang='lat' dir='ltr'><strong>partem</strong></span> 
     </span>
     <span class='ocr_line' id='line_1_13' title="bbox 259 1656 1371 1734; baseline -0.003 -20"><span class='ocrx_word' id='word_1_101' title='bbox 259 1656 425 1715; x_wconf 82' lang='lat' dir='ltr'><strong>dominicae</strong></span> <span class='ocrx_word' id='word_1_102' title='bbox 453 1660 610 1733; x_wconf 86' lang='lat' dir='ltr'><strong>passionis.</strong></span> <span class='ocrx_word' id='word_1_103' title='bbox 662 1658 773 1714; x_wconf 87' lang='lat' dir='ltr'><strong>Bulla</strong></span> <span class='ocrx_word' id='word_1_104' title='bbox 794 1659 853 1715; x_wconf 90' lang='lat' dir='ltr'><strong>hoc</strong></span> <span class='ocrx_word' id='word_1_105' title='bbox 886 1659 953 1715; x_wconf 93' lang='lat' dir='ltr'><strong>loco</strong></span> <span class='ocrx_word' id='word_1_106' title='bbox 977 1657 1130 1734; x_wconf 84' lang='lat' dir='ltr'><strong>signifieat</strong></span> <span class='ocrx_word' id='word_1_107' title='bbox 1149 1663 1183 1714; x_wconf 94' lang='lat' dir='ltr'><strong>ut</strong></span> <span class='ocrx_word' id='word_1_108' title='bbox 1211 1673 1308 1730; x_wconf 85' lang='lat' dir='ltr'><strong>semper</strong></span> <span class='ocrx_word' id='word_1_109' title='bbox 1370 1663 1371 1666; x_wconf 76' lang='grc'>’</span> 
     </span>
     <span class='ocr_line' id='line_1_14' title="bbox 261 1741 1371 1818; baseline -0.002 -18"><span class='ocrx_word' id='word_1_110' title='bbox 261 1744 465 1818; x_wconf 77' lang='lat' dir='ltr'><strong>syngrapham</strong></span> <span class='ocrx_word' id='word_1_111' title='bbox 486 1745 536 1802; x_wconf 83' lang='lat' dir='ltr'><strong>vel</strong></span> <span class='ocrx_word' id='word_1_112' title='bbox 558 1745 790 1818; x_wconf 73' lang='lat' dir='ltr'><strong>chirographum</strong></span> <span class='ocrx_word' id='word_1_113' title='bbox 811 1747 893 1802; x_wconf 87' lang='lat' dir='ltr'><strong>cruci</strong></span> <span class='ocrx_word' id='word_1_114' title='bbox 915 1745 1037 1802; x_wconf 84' lang='lat' dir='ltr'><strong>affixum</strong></span> <span class='ocrx_word' id='word_1_115' title='bbox 1067 1745 1183 1802; x_wconf 78' lang='lat' dir='ltr'><strong>coloss.</strong></span> <span class='ocrx_word' id='word_1_116' title='bbox 1217 1743 1250 1810; x_wconf 93' lang='lat' dir='ltr'><strong>II,</strong></span> <span class='ocrx_word' id='word_1_117' title='bbox 1270 1741 1307 1798; x_wconf 80' lang='lat' dir='ltr'><strong>rt</strong></span> <span class='ocrx_word' id='word_1_118' title='bbox 1370 1805 1371 1810; x_wconf 52' lang='lat'><strong>.</strong></span> 
     </span>
    </p>
   </div>
   <div class='ocr_carea' id='block_1_6' title="bbox 120 4591 194 4608">
    <p class='ocr_par' dir='ltr' id='par_1_6' title="bbox 120 4591 194 4608">
     <span class='ocr_line' id='line_1_15' title="bbox 120 4591 194 4608; baseline 0 0"><span class='ocrx_word' id='word_1_119' title='bbox 120 4591 194 4608; x_wconf 64' lang='lat'><strong>1—-</strong></span> 
     </span>
    </p>
   </div>
   <div class='ocr_carea' id='block_1_7' title="bbox 258 1827 1310 2251">
    <p class='ocr_par' dir='ltr' id='par_1_7' title="bbox 258 1827 1310 2251">
     <span class='ocr_line' id='line_1_16' title="bbox 260 1827 1309 1905; baseline -0.004 -19"><span class='ocrx_word' id='word_1_120' title='bbox 260 1829 387 1886; x_wconf 80' lang='lat' dir='ltr'><strong>Sensus:</strong></span> <span class='ocrx_word' id='word_1_121' title='bbox 419 1830 659 1905; x_wconf 76' lang='lat' dir='ltr'><strong>chirographum</strong></span> <span class='ocrx_word' id='word_1_122' title='bbox 691 1828 773 1904; x_wconf 88' lang='lat' dir='ltr'><strong>quod</strong></span> <span class='ocrx_word' id='word_1_123' title='bbox 795 1829 940 1887; x_wconf 83' lang='lat' dir='ltr'><strong>aduersus</strong></span> <span class='ocrx_word' id='word_1_124' title='bbox 962 1835 1142 1904; x_wconf 82' lang='lat' dir='ltr'><strong>peccatores</strong></span> <span class='ocrx_word' id='word_1_125' title='bbox 1165 1834 1224 1897; x_wconf 86' lang='lat' dir='ltr'><strong>est,</strong></span> <span class='ocrx_word' id='word_1_126' title='bbox 1245 1827 1309 1884; x_wconf 88' lang='lat' dir='ltr'><strong>dele·</strong></span> 
     </span>
     <span class='ocr_line' id='line_1_17' title="bbox 258 1913 1308 1989; baseline -0.003 -19"><span class='ocrx_word' id='word_1_127' title='bbox 258 1919 322 1970; x_wconf 89' lang='lat' dir='ltr'><strong>tum</strong></span> <span class='ocrx_word' id='word_1_128' title='bbox 351 1919 382 1972; x_wconf 85' lang='lat' dir='ltr'><strong>et</strong></span> <span class='ocrx_word' id='word_1_129' title='bbox 404 1917 485 1972; x_wconf 88' lang='lat' dir='ltr'><strong>cruci</strong></span> <span class='ocrx_word' id='word_1_130' title='bbox 515 1914 679 1972; x_wconf 81' lang='lat' dir='ltr'><strong>dominicae</strong></span> <span class='ocrx_word' id='word_1_131' title='bbox 701 1915 835 1989; x_wconf 81' lang='lat' dir='ltr'><strong>affixum:</strong></span> <span class='ocrx_word' id='word_1_132' title='bbox 866 1921 898 1972; x_wconf 88' lang='lat' dir='ltr'><strong>et</strong></span> <span class='ocrx_word' id='word_1_133' title='bbox 930 1933 998 1972; x_wconf 87' lang='lat' dir='ltr'><strong>cunr</strong></span> <span class='ocrx_word' id='word_1_134' title='bbox 1020 1917 1198 1974; x_wconf 89' lang='lat' dir='ltr'><strong>Sanctorum</strong></span> <span class='ocrx_word' id='word_1_135' title='bbox 1224 1913 1308 1987; x_wconf 85' lang='lat' dir='ltr'><strong>passio</strong></span> 
     </span>
     <span class='ocr_line' id='line_1_18' title="bbox 260 1997 1310 2076; baseline -0.001 -21"><span class='ocrx_word' id='word_1_136' title='bbox 260 2017 296 2056; x_wconf 83' lang='lat' dir='ltr'><strong>ex</strong></span> <span class='ocrx_word' id='word_1_137' title='bbox 317 1999 403 2056; x_wconf 89' lang='lat' dir='ltr'><strong>Pauli</strong></span> <span class='ocrx_word' id='word_1_138' title='bbox 433 2003 584 2057; x_wconf 81' lang='lat' dir='ltr'><strong>sententia</strong></span> <span class='ocrx_word' id='word_1_139' title='bbox 613 1999 833 2075; x_wconf 84' lang='lat' dir='ltr'><strong>quodammodo</strong></span> <span class='ocrx_word' id='word_1_140' title='bbox 863 2002 1005 2076; x_wconf 87' lang='lat' dir='ltr'><strong>suppleat</strong></span> <span class='ocrx_word' id='word_1_141' title='bbox 1025 2003 1198 2076; x_wconf 82' lang='lat' dir='ltr'><strong>passionem</strong></span> <span class='ocrx_word' id='word_1_142' title='bbox 1218 1997 1310 2056; x_wconf 82' lang='lat' dir='ltr'><strong>Christi</strong></span> 
     </span>
     <span class='ocr_line' id='line_1_19' title="bbox 258 2085 1309 2160; baseline -0.003 -17"><span class='ocrx_word' id='word_1_143' title='bbox 258 2085 308 2143; x_wconf 80' lang='lat' dir='ltr'><strong>vel</strong></span> <span class='ocrx_word' id='word_1_144' title='bbox 329 2087 394 2160; x_wconf 88' lang='lat' dir='ltr'><strong>ipse</strong></span> <span class='ocrx_word' id='word_1_145' title='bbox 411 2086 547 2144; x_wconf 86' lang='lat' dir='ltr'><strong>Christus</strong></span> <span class='ocrx_word' id='word_1_146' title='bbox 569 2088 702 2160; x_wconf 89' lang='lat' dir='ltr'><strong>patiatur</strong></span> <span class='ocrx_word' id='word_1_147' title='bbox 723 2088 753 2142; x_wconf 92' lang='lat' dir='ltr'><strong>in</strong></span> <span class='ocrx_word' id='word_1_148' title='bbox 776 2085 894 2144; x_wconf 84' lang='lat' dir='ltr'><strong>Sanctis</strong></span> <span class='ocrx_word' id='word_1_149' title='bbox 917 2089 994 2154; x_wconf 88' lang='lat' dir='ltr'><strong>suis,</strong></span> <span class='ocrx_word' id='word_1_150' title='bbox 1018 2089 1109 2144; x_wconf 89' lang='lat' dir='ltr'><strong>etiam</strong></span> <span class='ocrx_word' id='word_1_151' title='bbox 1132 2085 1229 2143; x_wconf 89' lang='lat' dir='ltr'><strong>denuo</strong></span> <span class='ocrx_word' id='word_1_152' title='bbox 1249 2099 1309 2140; x_wconf 83' lang='lat' dir='ltr'><strong>mar</strong></span> 
     </span>
     <span class='ocr_line' id='line_1_20' title="bbox 258 2169 1273 2251; baseline 0.001 -23"><span class='ocrx_word' id='word_1_153' title='bbox 258 2176 358 2246; x_wconf 81' lang='lat' dir='ltr'><strong>tyrum</strong></span> <span class='ocrx_word' id='word_1_154' title='bbox 379 2171 525 2229; x_wconf 88' lang='lat' dir='ltr'><strong>frontibus</strong></span> <span class='ocrx_word' id='word_1_155' title='bbox 549 2177 581 2228; x_wconf 94' lang='lat' dir='ltr'><strong>ut</strong></span> <span class='ocrx_word' id='word_1_156' title='bbox 602 2173 645 2228; x_wconf 91' lang='lat' dir='ltr'><strong>ita</strong></span> <span class='ocrx_word' id='word_1_157' title='bbox 667 2169 764 2230; x_wconf 87' lang='lat' dir='ltr'><strong>dIcam</strong></span> <span class='ocrx_word' id='word_1_158' title='bbox 786 2172 919 2251; x_wconf 79' lang='lat' dir='ltr'><strong>affigItur</strong></span> <span class='ocrx_word' id='word_1_159' title='bbox 941 2171 1015 2229; x_wconf 91' lang='lat' dir='ltr'><strong>illud</strong></span> <span class='ocrx_word' id='word_1_160' title='bbox 1038 2171 1273 2250; x_wconf 87' lang='lat' dir='ltr'><strong>chirographum.</strong></span> 
     </span>
    </p>
   </div>
   <div class='ocr_carea' id='block_1_8' title="bbox 347 2433 1373 2523">
    <p class='ocr_par' dir='ltr' id='par_1_8' title="bbox 347 2433 1373 2523">
     <span class='ocr_line' id='line_1_21' title="bbox 347 2433 1373 2523; baseline -0.006 -21"><span class='ocrx_word' id='word_1_161' title='bbox 347 2443 417 2502; x_wconf 83' lang='lat'><strong>686.</strong></span> <span class='ocrx_word' id='word_1_162' title='bbox 457 2433 614 2512; x_wconf 68' lang='lat' dir='ltr'><strong>[Beatus</strong></span> <span class='ocrx_word' id='word_1_163' title='bbox 638 2435 694 2502; x_wconf 78' lang='lat' dir='ltr'><strong>tic</strong></span> <span class='ocrx_word' id='word_1_164' title='bbox 715 2455 845 2508; x_wconf 78' lang='lat' dir='ltr'><strong>servus</strong></span> <span class='ocrx_word' id='word_1_165' title='bbox 869 2455 970 2523; x_wconf 81' lang='lat' dir='ltr'><strong>quem</strong></span> <span class='ocrx_word' id='word_1_166' title='bbox 992 2454 1070 2502; x_wconf 82' lang='lat' dir='ltr'><strong>cum</strong></span> <span class='ocrx_word' id='word_1_167' title='bbox 1092 2436 1228 2504; x_wconf 82' lang='lat' dir='ltr'><strong>venerit</strong></span> <span class='ocrx_word' id='word_1_168' title='bbox 1245 2433 1310 2500; x_wconf 84' lang='lat' dir='ltr'><strong>Do·</strong></span> <span class='ocrx_word' id='word_1_169' title='bbox 1372 2487 1373 2496; x_wconf 68' lang='lat'><strong>.</strong></span> 
     </span>
    </p>
   </div>
   <div class='ocr_carea' id='block_1_9' title="bbox 258 2521 1133 2604">
    <p class='ocr_par' dir='ltr' id='par_1_9' title="bbox 258 2521 1133 2604">
     <span class='ocr_line' id='line_1_22' title="bbox 258 2521 1133 2604; baseline 0.003 -19"><span class='ocrx_word' id='word_1_170' title='bbox 258 2521 385 2586; x_wconf 72' lang='lat' dir='ltr'><strong>minut.</strong></span> <span class='ocrx_word' id='word_1_171' title='bbox 429 2529 473 2586; x_wconf 90' lang='lat' dir='ltr'><strong>De</strong></span> <span class='ocrx_word' id='word_1_172' title='bbox 496 2547 554 2586; x_wconf 90' lang='lat' dir='ltr'><strong>uno</strong></span> <span class='ocrx_word' id='word_1_173' title='bbox 579 2531 806 2588; x_wconf 84' lang='lat' dir='ltr'><strong>consessore.</strong></span> <span class='ocrx_word' id='word_1_174' title='bbox 829 2529 919 2590; x_wconf 86' lang='lat' dir='ltr'><strong>Thes.</strong></span> <span class='ocrx_word' id='word_1_175' title='bbox 942 2529 978 2588; x_wconf 92' lang='lat' dir='ltr'><strong>II.</strong></span> <span class='ocrx_word' id='word_1_176' title='bbox 1000 2549 1028 2604; x_wconf 92' lang='lat' dir='ltr'><strong>p.</strong></span> <span class='ocrx_word' id='word_1_177' title='bbox 1044 2523 1133 2600; x_wconf 67' lang='grc'><strong>172]-</strong></span> 
     </span>
    </p>
   </div>
   <div class='ocr_carea' id='block_1_10' title="bbox 261 2776 1310 2962">
    <p class='ocr_par' dir='ltr' id='par_1_10' title="bbox 261 2776 1310 2962">
     <span class='ocr_line' id='line_1_23' title="bbox 346 2776 1310 2872; baseline -0.008 -10"><span class='ocrx_word' id='word_1_178' title='bbox 346 2802 416 2862; x_wconf 85' lang='grc'>687.</span> <span class='ocrx_word' id='word_1_179' title='bbox 463 2791 539 2872; x_wconf 86' lang='lat' dir='ltr'><strong>[Hic</strong></span> <span class='ocrx_word' id='word_1_180' title='bbox 569 2776 928 2862; x_wconf 73' lang='lat' dir='ltr'><strong>ocola&#39;et&#39;manttor</strong></span> <span class='ocrx_word' id='word_1_181' title='bbox 948 2797 986 2862; x_wconf 82' lang='lat' dir='ltr'><strong>ia</strong></span> <span class='ocrx_word' id='word_1_182' title='bbox 1015 2793 1159 2861; x_wconf 82' lang='lat' dir='ltr'><strong>coelom.</strong></span> <span class='ocrx_word' id='word_1_183' title='bbox 1201 2803 1244 2860; x_wconf 83' lang='lat' dir='ltr'><strong>De</strong></span> <span class='ocrx_word' id='word_1_184' title='bbox 1264 2815 1310 2856; x_wconf 85' lang='lat' dir='ltr'><strong>mo</strong></span> 
     </span>
     <span class='ocr_line' id='line_1_24' title="bbox 261 2881 1309 2962; baseline -0.006 -16"><span class='ocrx_word' id='word_1_185' title='bbox 261 2889 492 2946; x_wconf 79' lang='lat' dir='ltr'><strong>Confessore</strong></span> <span class='ocrx_word' id='word_1_186' title='bbox 515 2890 564 2946; x_wconf 87' lang='lat' dir='ltr'><strong>vel</strong></span> <span class='ocrx_word' id='word_1_187' title='bbox 597 2888 636 2945; x_wconf 88' lang='lat' dir='ltr'><strong>de</strong></span> <span class='ocrx_word' id='word_1_188' title='bbox 663 2889 965 2950; x_wconf 81' lang='lat' dir='ltr'><strong>Confessoribus.</strong></span> <span class='ocrx_word' id='word_1_189' title='bbox 986 2881 1099 2946; x_wconf 72' lang='lat' dir='ltr'><strong>&#39;Thes</strong></span> <span class='ocrx_word' id='word_1_190' title='bbox 1123 2889 1161 2948; x_wconf 90' lang='lat'><strong>11.</strong></span> <span class='ocrx_word' id='word_1_191' title='bbox 1198 2907 1225 2962; x_wconf 93' lang='lat' dir='ltr'><strong>p.</strong></span> <span class='ocrx_word' id='word_1_192' title='bbox 1256 2882 1309 2943; x_wconf 76' lang='lat' dir='ltr'><strong>tlt.</strong></span> 
     </span>
    </p>
   </div>
   <div class='ocr_carea' id='block_1_11' title="bbox 259 2973 1374 3050">
    <p class='ocr_par' dir='ltr' id='par_1_11' title="bbox 259 2973 1374 3050">
     <span class='ocr_line' id='line_1_25' title="bbox 259 2973 1374 3050; baseline 0.001 -20"><span class='ocrx_word' id='word_1_193' title='bbox 259 2974 349 3031; x_wconf 88' lang='lat' dir='ltr'><strong>Mone</strong></span> <span class='ocrx_word' id='word_1_194' title='bbox 371 2974 422 3032; x_wconf 91' lang='lat' dir='ltr'><strong>III.</strong></span> <span class='ocrx_word' id='word_1_195' title='bbox 444 2993 473 3048; x_wconf 91' lang='lat' dir='ltr'><strong>p.</strong></span> <span class='ocrx_word' id='word_1_196' title='bbox 499 2974 568 3032; x_wconf 77' lang='lat'><strong>155.</strong></span> <span class='ocrx_word' id='word_1_197' title='bbox 599 2974 661 3040; x_wconf 81' lang='lat' dir='ltr'><strong>(Ha</strong></span> <span class='ocrx_word' id='word_1_198' title='bbox 692 2973 746 3031; x_wconf 90' lang='lat' dir='ltr'><strong>des</strong></span> <span class='ocrx_word' id='word_1_199' title='bbox 769 2975 971 3032; x_wconf 87' lang='lat' dir='ltr'><strong>historischen</strong></span> <span class='ocrx_word' id='word_1_200' title='bbox 995 2975 1117 3032; x_wconf 86' lang='lat' dir='ltr'><strong>Vereins</strong></span> <span class='ocrx_word' id='word_1_201' title='bbox 1141 2992 1179 3032; x_wconf 85' lang='lat' dir='ltr'><strong>au</strong></span> <span class='ocrx_word' id='word_1_202' title='bbox 1200 2973 1310 3047; x_wconf 80' lang='lat' dir='ltr'><strong>Klagen·</strong></span> <span class='ocrx_word' id='word_1_203' title='bbox 1373 3043 1374 3050; x_wconf 8' lang='grc' dir='ltr'>ἵ</span> 
     </span>
    </p>
   </div>
   <div class='ocr_carea' id='block_1_12' title="bbox 261 3053 544 3130">
    <p class='ocr_par' dir='ltr' id='par_1_12' title="bbox 261 3053 544 3130">
     <span class='ocr_line' id='line_1_26' title="bbox 261 3053 544 3130; baseline 0 -16"><span class='ocrx_word' id='word_1_204' title='bbox 261 3060 322 3116; x_wconf 86' lang='lat' dir='ltr'><strong>iurt</strong></span> <span class='ocrx_word' id='word_1_205' title='bbox 346 3059 394 3118; x_wconf 79' lang='lat'><strong>15.</strong></span> <span class='ocrx_word' id='word_1_206' title='bbox 417 3053 544 3130; x_wconf 86' lang='lat' dir='ltr'><strong>Jahrh.)]</strong></span> 
     </span>
    </p>
   </div>
   <div class='ocr_carea' id='block_1_13' title="bbox 266 3179 1172 3621">
    <p class='ocr_par' dir='ltr' id='par_1_13' title="bbox 321 3179 1172 3511">
     <span class='ocr_line' id='line_1_27' title="bbox 324 3179 1128 3256; baseline 0.001 -21"><span class='ocrx_word' id='word_1_207' title='bbox 324 3179 380 3236; x_wconf 91' lang='lat' dir='ltr'><strong>Hic</strong></span> <span class='ocrx_word' id='word_1_208' title='bbox 403 3179 497 3236; x_wconf 86' lang='lat' dir='ltr'><strong>oculis</strong></span> <span class='ocrx_word' id='word_1_209' title='bbox 520 3195 555 3235; x_wconf 88' lang='lat' dir='ltr'><strong>ac</strong></span> <span class='ocrx_word' id='word_1_210' title='bbox 571 3179 705 3236; x_wconf 88' lang='lat' dir='ltr'><strong>manibus</strong></span> <span class='ocrx_word' id='word_1_211' title='bbox 856 3181 953 3256; x_wconf 77' lang='lat' dir='ltr'><strong>Igitur</strong></span> <span class='ocrx_word' id='word_1_212' title='bbox 974 3186 1005 3237; x_wconf 87' lang='lat' dir='ltr'><strong>te</strong></span> <span class='ocrx_word' id='word_1_213' title='bbox 1027 3181 1128 3236; x_wconf 89' lang='lat' dir='ltr'><strong>cuncti</strong></span> 
     </span>
     <span class='ocr_line' id='line_1_28' title="bbox 323 3265 1126 3340; baseline 0 -20"><span class='ocrx_word' id='word_1_214' title='bbox 323 3265 353 3320; x_wconf 90' lang='lat' dir='ltr'><strong>in</strong></span> <span class='ocrx_word' id='word_1_215' title='bbox 376 3265 508 3321; x_wconf 77' lang='lat' dir='ltr'><strong>coelum&#39;</strong></span> <span class='ocrx_word' id='word_1_216' title='bbox 859 3269 1020 3340; x_wconf 85' lang='lat' dir='ltr'><strong>poscimus,</strong></span> <span class='ocrx_word' id='word_1_217' title='bbox 1044 3265 1126 3333; x_wconf 87' lang='lat' dir='ltr'><strong>oN.,</strong></span> 
     </span>
     <span class='ocr_line' id='line_1_29' title="bbox 322 3351 1172 3428; baseline 0.001 -22"><span class='ocrx_word' id='word_1_218' title='bbox 322 3353 353 3406; x_wconf 90' lang='lat' dir='ltr'><strong>et</strong></span> <span class='ocrx_word' id='word_1_219' title='bbox 375 3352 446 3407; x_wconf 91' lang='lat' dir='ltr'><strong>totis</strong></span> <span class='ocrx_word' id='word_1_220' title='bbox 469 3353 582 3409; x_wconf 85' lang='lat' dir='ltr'><strong>viribus</strong></span> <span class='ocrx_word' id='word_1_221' title='bbox 853 3357 888 3408; x_wconf 90' lang='lat' dir='ltr'><strong>ut</strong></span> <span class='ocrx_word' id='word_1_222' title='bbox 910 3353 961 3428; x_wconf 87' lang='lat' dir='ltr'><strong>qui</strong></span> <span class='ocrx_word' id='word_1_223' title='bbox 982 3352 1076 3408; x_wconf 86' lang='lat' dir='ltr'><strong>multa</strong></span> <span class='ocrx_word' id='word_1_224' title='bbox 1097 3351 1172 3407; x_wconf 82' lang='lat' dir='ltr'><strong>mtra</strong></span> 
     </span>
     <span class='ocr_line' id='line_1_30' title="bbox 321 3435 1096 3511; baseline 0.001 -19"><span class='ocrx_word' id='word_1_225' title='bbox 321 3453 488 3511; x_wconf 91' lang='lat' dir='ltr'><strong>suspensus</strong></span> <span class='ocrx_word' id='word_1_226' title='bbox 858 3439 907 3494; x_wconf 91' lang='lat' dir='ltr'><strong>hic</strong></span> <span class='ocrx_word' id='word_1_227' title='bbox 929 3435 1096 3505; x_wconf 86' lang='lat' dir='ltr'><strong>ostendisti,</strong></span> 
     </span>
    </p>

    <p class='ocr_par' dir='ltr' id='par_1_14' title="bbox 266 3521 723 3621">
     <span class='ocr_line' id='line_1_31' title="bbox 266 3521 723 3621; baseline 0.004 -43"><span class='ocrx_word' id='word_1_228' title='bbox 266 3521 298 3621; x_wconf 49' lang='grc' dir='ltr'><strong><em>ᾗ</em></strong></span> <span class='ocrx_word' id='word_1_229' title='bbox 321 3527 442 3580; x_wconf 88' lang='lat' dir='ltr'><strong>terrena</strong></span> <span class='ocrx_word' id='word_1_230' title='bbox 464 3528 572 3580; x_wconf 87' lang='lat' dir='ltr'><strong>cuncta</strong></span> <span class='ocrx_word' id='word_1_231' title='bbox 592 3525 723 3598; x_wconf 83' lang='lat' dir='ltr'><strong>respuit;</strong></span> 
     </span>
    </p>
   </div>
   <div class='ocr_carea' id='block_1_14' title="bbox 260 3641 1216 4059">
    <p class='ocr_par' dir='ltr' id='par_1_15' title="bbox 320 3641 1101 3718">
     <span class='ocr_line' id='line_1_32' title="bbox 320 3641 1101 3718; baseline 0 -20"><span class='ocrx_word' id='word_1_232' title='bbox 320 3643 392 3699; x_wconf 88' lang='lat' dir='ltr'><strong>Eius</strong></span> <span class='ocrx_word' id='word_1_233' title='bbox 416 3645 459 3699; x_wconf 90' lang='lat' dir='ltr'><strong>ori</strong></span> <span class='ocrx_word' id='word_1_234' title='bbox 482 3659 633 3718; x_wconf 87' lang='lat' dir='ltr'><strong>nunquam</strong></span> <span class='ocrx_word' id='word_1_235' title='bbox 797 3642 834 3700; x_wconf 84' lang='lat'><strong>15</strong></span> <span class='ocrx_word' id='word_1_236' title='bbox 857 3643 953 3699; x_wconf 88' lang='lat' dir='ltr'><strong>Etiam</strong></span> <span class='ocrx_word' id='word_1_237' title='bbox 968 3641 1004 3698; x_wconf 90' lang='lat' dir='ltr'><strong>de</strong></span> <span class='ocrx_word' id='word_1_238' title='bbox 1026 3642 1101 3699; x_wconf 86' lang='lat' dir='ltr'><strong>coelo</strong></span> 
     </span>
    </p>

    <p class='ocr_par' dir='ltr' id='par_1_16' title="bbox 322 3727 1119 3802">
     <span class='ocr_line' id='line_1_33' title="bbox 322 3727 1119 3802; baseline -0.001 -18"><span class='ocrx_word' id='word_1_239' title='bbox 322 3727 458 3785; x_wconf 84' lang='lat' dir='ltr'><strong>Christus</strong></span> <span class='ocrx_word' id='word_1_240' title='bbox 482 3729 585 3798; x_wconf 82' lang='lat' dir='ltr'><strong>abfuit,</strong></span> <span class='ocrx_word' id='word_1_241' title='bbox 858 3729 986 3802; x_wconf 86' lang='lat' dir='ltr'><strong>gratiam</strong></span> <span class='ocrx_word' id='word_1_242' title='bbox 1009 3727 1119 3784; x_wconf 87' lang='lat' dir='ltr'><strong>Christi</strong></span> 
     </span>
    </p>

    <p class='ocr_par' dir='ltr' id='par_1_17' title="bbox 322 3813 1139 3888">
     <span class='ocr_line' id='line_1_34' title="bbox 322 3813 1139 3888; baseline 0.001 -20"><span class='ocrx_word' id='word_1_243' title='bbox 322 3814 384 3870; x_wconf 83' lang='lat' dir='ltr'><strong>sive</strong></span> <span class='ocrx_word' id='word_1_244' title='bbox 407 3815 530 3883; x_wconf 87' lang='lat' dir='ltr'><strong>iustitia,</strong></span> <span class='ocrx_word' id='word_1_245' title='bbox 860 3813 946 3870; x_wconf 91' lang='lat' dir='ltr'><strong>nobis</strong></span> <span class='ocrx_word' id='word_1_246' title='bbox 970 3813 1139 3888; x_wconf 87' lang='lat' dir='ltr'><strong>supplicatu</strong></span> 
     </span>
    </p>

    <p class='ocr_par' dir='ltr' id='par_1_18' title="bbox 260 3895 1216 4059">
     <span class='ocr_line' id='line_1_35' title="bbox 318 3895 1216 3974; baseline -0.006 -18"><span class='ocrx_word' id='word_1_247' title='bbox 318 3900 368 3956; x_wconf 78' lang='lat' dir='ltr'><strong>uel</strong></span> <span class='ocrx_word' id='word_1_248' title='bbox 390 3897 534 3974; x_wconf 84' lang='lat' dir='ltr'><strong>quidquid</strong></span> <span class='ocrx_word' id='word_1_249' title='bbox 557 3898 595 3956; x_wconf 87' lang='lat' dir='ltr'><strong>ad</strong></span> <span class='ocrx_word' id='word_1_250' title='bbox 618 3916 719 3958; x_wconf 90' lang='lat' dir='ltr'><strong>veram</strong></span> <span class='ocrx_word' id='word_1_251' title='bbox 784 3919 788 3926; x_wconf 83' lang='grc'><strong>’</strong></span> <span class='ocrx_word' id='word_1_252' title='bbox 856 3903 908 3955; x_wconf 92' lang='lat' dir='ltr'><strong>tuo</strong></span> <span class='ocrx_word' id='word_1_253' title='bbox 932 3916 1050 3973; x_wconf 88' lang='lat' dir='ltr'><strong>semper</strong></span> <span class='ocrx_word' id='word_1_254' title='bbox 1071 3895 1216 3955; x_wconf 82' lang='lat' dir='ltr'><strong>infundes.</strong></span> 
     </span>
     <span class='ocr_line' id='line_1_36' title="bbox 260 3984 684 4059; baseline 0 -17"><span class='ocrx_word' id='word_1_255' title='bbox 260 3984 300 4043; x_wconf 81' lang='lat'><strong>1⁰</strong></span> <span class='ocrx_word' id='word_1_256' title='bbox 321 3984 413 4041; x_wconf 79' lang='lat' dir='ltr'><strong>uitam</strong></span> <span class='ocrx_word' id='word_1_257' title='bbox 434 3988 574 4059; x_wconf 88' lang='lat' dir='ltr'><strong>pertinet.</strong></span> <span class='ocrx_word' id='word_1_258' title='bbox 680 4024 684 4030; x_wconf 85' lang='lat'><em>-</em></span> 
     </span>
    </p>
   </div>
   <div class='ocr_carea' id='block_1_15' title="bbox 694 4115 896 4126">
    <p class='ocr_par' dir='ltr' id='par_1_19' title="bbox 694 4115 896 4126">
     <span class='ocr_line' id='line_1_37' title="bbox 694 4115 896 4126; baseline 0 0"><span class='ocrx_word' id='word_1_259' title='bbox 694 4115 896 4126; x_wconf 68' lang='lat' dir='ltr'><strong>-n-n—-n———u-</strong></span> 
     </span>
    </p>
   </div>
   <div class='ocr_carea' id='block_1_16' title="bbox 256 4169 1308 4472">
    <p class='ocr_par' dir='ltr' id='par_1_20' title="bbox 256 4169 1308 4472">
     <span class='ocr_line' id='line_1_38' title="bbox 329 4169 1308 4302; baseline -0.014 -17"><span class='ocrx_word' id='word_1_260' title='bbox 329 4169 411 4287; x_wconf 51' lang='lat' dir='ltr'><strong>s688.</strong></span> <span class='ocrx_word' id='word_1_261' title='bbox 463 4213 579 4296; x_wconf 68' lang='lat' dir='ltr'><strong>[Felice</strong></span> <span class='ocrx_word' id='word_1_262' title='bbox 599 4215 687 4282; x_wconf 73' lang='lat' dir='ltr'><strong>omit</strong></span> <span class='ocrx_word' id='word_1_263' title='bbox 706 4215 763 4284; x_wconf 80' lang='lat' dir='ltr'><strong>lts&#39;c</strong></span> <span class='ocrx_word' id='word_1_264' title='bbox 794 4187 990 4302; x_wconf 66' lang='lat' dir='ltr'><strong>confessor.</strong></span> <span class='ocrx_word' id='word_1_265' title='bbox 1013 4196 1014 4200; x_wconf 7' lang='grc' dir='ltr'><strong>Ἰ</strong></span> <span class='ocrx_word' id='word_1_266' title='bbox 1034 4224 1079 4283; x_wconf 86' lang='lat' dir='ltr'><strong>De</strong></span> <span class='ocrx_word' id='word_1_267' title='bbox 1100 4239 1158 4282; x_wconf 89' lang='lat' dir='ltr'><strong>uno</strong></span> <span class='ocrx_word' id='word_1_268' title='bbox 1181 4216 1308 4278; x_wconf 82' lang='lat' dir='ltr'><strong>contes-</strong></span> 
     </span>
     <span class='ocr_line' id='line_1_39' title="bbox 257 4293 1308 4378; baseline 0 -13"><span class='ocrx_word' id='word_1_269' title='bbox 257 4327 340 4368; x_wconf 83' lang='lat' dir='ltr'><strong>sore</strong></span> <span class='ocrx_word' id='word_1_270' title='bbox 361 4327 422 4368; x_wconf 87' lang='lat' dir='ltr'><strong>non</strong></span> <span class='ocrx_word' id='word_1_271' title='bbox 443 4310 596 4368; x_wconf 87' lang='lat' dir='ltr'><strong>Pontifice.</strong></span> <span class='ocrx_word' id='word_1_272' title='bbox 641 4309 797 4371; x_wconf 85' lang='lat' dir='ltr'><strong>Ecclesiol.</strong></span> <span class='ocrx_word' id='word_1_273' title='bbox 820 4309 950 4370; x_wconf 81' lang='lat' dir='ltr'><strong>XCVIII.</strong></span> <span class='ocrx_word' id='word_1_274' title='bbox 975 4307 1075 4368; x_wconf 86' lang='lat' dir='ltr'><strong>Octbr.</strong></span> <span class='ocrx_word' id='word_1_275' title='bbox 1102 4306 1188 4369; x_wconf 76' lang='lat' dir='ltr'><strong>tatu.</strong></span> <span class='ocrx_word' id='word_1_276' title='bbox 1218 4323 1244 4378; x_wconf 87' lang='lat' dir='ltr'><strong>p.</strong></span> <span class='ocrx_word' id='word_1_277' title='bbox 1258 4293 1308 4359; x_wconf 78' lang='lat'><strong>³55</strong></span> 
     </span>
     <span class='ocr_line' id='line_1_40' title="bbox 256 4388 1106 4472; baseline -0.006 -16"><span class='ocrx_word' id='word_1_278' title='bbox 256 4396 412 4456; x_wconf 80' lang='lat' dir='ltr'><strong>eMissali</strong></span> <span class='ocrx_word' id='word_1_279' title='bbox 436 4388 651 4472; x_wconf 76' lang='lat' dir='ltr'><strong>screngnensil</strong></span> <span class='ocrx_word' id='word_1_280' title='bbox 1050 4418 1054 4427; x_wconf 88' lang='lat'>·</span> <span class='ocrx_word' id='word_1_281' title='bbox 1102 4424 1106 4434; x_wconf 46' lang='grc' dir='ltr'><strong><em>ι</em></strong></span> 
     </span>
    </p>
   </div>
   <div class='ocr_carea' id='block_1_17' title="bbox 0 0 1429 5024">
    <p class='ocr_par' dir='ltr' id='par_1_21' title="bbox 0 0 1429 5024">
     <span class='ocr_line' id='line_1_41' title="bbox 0 0 1429 5024; baseline 0 0"><span class='ocrx_word' id='word_1_282' title='bbox 0 0 1429 5024; x_wconf 95' lang='lat' dir='ltr'><strong> </strong></span> 
     </span>
    </p>
   </div>
  </div>
 </body>
</html>
