<?xml version="1.0" encoding="UTF-8"?>
<!DOCTYPE html PUBLIC "-//W3C//DTD XHTML 1.0 Transitional//EN"
    "http://www.w3.org/TR/xhtml1/DTD/xhtml1-transitional.dtd">
<html xmlns="http://www.w3.org/1999/xhtml" xml:lang="en" lang="en">
 <head>
  <title>
</title>
<meta http-equiv="Content-Type" content="text/html;charset=utf-8" />
  <meta name='ocr-system' content='tesseract 3.04.00' />
  <meta name='ocr-capabilities' content='ocr_page ocr_carea ocr_par ocr_line ocrx_word'/>
</head>
<body>
  <div class='ocr_page' id='page_1' title='image "./thesaurushymnol04danigoog/thesaurushymnol04danigoog_0299.png"; bbox 0 0 2728 5028; ppageno 0'>
   <div class='ocr_carea' id='block_1_1' title="bbox 179 588 1075 778">
    <p class='ocr_par' dir='ltr' id='par_1_1' title="bbox 179 588 1075 778">
     <span class='ocr_line' id='line_1_1' title="bbox 403 588 1075 682; baseline 0.001 -26"><span class='ocrx_word' id='word_1_1' title='bbox 403 589 460 656; x_wconf 87' lang='lat' dir='ltr'>De</span> <span class='ocrx_word' id='word_1_2' title='bbox 482 609 590 656; x_wconf 76' lang='lat' dir='ltr'>sacro</span> <span class='ocrx_word' id='word_1_3' title='bbox 614 588 854 658; x_wconf 75' lang='lat' dir='ltr'>tatemaculo.</span> <span class='ocrx_word' id='word_1_4' title='bbox 1060 659 1075 682; x_wconf 22' lang='grc'>1,</span> 
     </span>
     <span class='ocr_line' id='line_1_2' title="bbox 179 685 959 778; baseline 0.001 -34"><span class='ocrx_word' id='word_1_5' title='bbox 179 749 182 754; x_wconf 61' lang='grc'>,</span> <span class='ocrx_word' id='word_1_6' title='bbox 297 690 381 744; x_wconf 85' lang='lat' dir='ltr'>Thes.</span> <span class='ocrx_word' id='word_1_7' title='bbox 399 689 420 743; x_wconf 94' lang='lat' dir='ltr'>I.</span> <span class='ocrx_word' id='word_1_8' title='bbox 437 685 465 758; x_wconf 84' lang='lat' dir='ltr'>p.</span> <span class='ocrx_word' id='word_1_9' title='bbox 488 693 546 746; x_wconf 78' lang='lat'>285.</span> <span class='ocrx_word' id='word_1_10' title='bbox 582 691 616 744; x_wconf 90' lang='lat' dir='ltr'>In</span> <span class='ocrx_word' id='word_1_11' title='bbox 633 691 804 778; x_wconf 85' lang='lat' dir='ltr'>Visitatiouc</span> <span class='ocrx_word' id='word_1_12' title='bbox 821 691 852 744; x_wconf 92' lang='lat' dir='ltr'>B.</span> <span class='ocrx_word' id='word_1_13' title='bbox 871 691 907 744; x_wconf 89' lang='grc' dir='ltr'>Μ.</span> <span class='ocrx_word' id='word_1_14' title='bbox 927 693 959 745; x_wconf 91' lang='lat' dir='ltr'>V.</span> 
     </span>
    </p>
   </div>
   <div class='ocr_carea' id='block_1_2' title="bbox 175 801 1164 880">
    <p class='ocr_par' dir='ltr' id='par_1_2' title="bbox 175 801 1164 880">
     <span class='ocr_line' id='line_1_3' title="bbox 175 801 1164 880; baseline 0 -18"><span class='ocrx_word' id='word_1_15' title='bbox 175 804 464 878; x_wconf 85' lang='lat' dir='ltr'>MoneH.p.116.</span> <span class='ocrx_word' id='word_1_16' title='bbox 509 801 572 870; x_wconf 87' lang='lat' dir='ltr'>(Hs.</span> <span class='ocrx_word' id='word_1_17' title='bbox 597 823 632 861; x_wconf 86' lang='lat' dir='ltr'>zu</span> <span class='ocrx_word' id='word_1_18' title='bbox 656 805 807 880; x_wconf 75' lang='lat' dir='ltr'>stuttgart</span> <span class='ocrx_word' id='word_1_19' title='bbox 828 806 914 863; x_wconf 85' lang='lat' dir='ltr'>Brcv.</span> <span class='ocrx_word' id='word_1_20' title='bbox 942 802 1009 864; x_wconf 77' lang='lat'><strong>101.</strong></span> <span class='ocrx_word' id='word_1_21' title='bbox 1037 805 1082 864; x_wconf 74' lang='lat'>15.</span> <span class='ocrx_word' id='word_1_22' title='bbox 1104 805 1164 871; x_wconf 79' lang='lat' dir='ltr'><strong>Jh.)</strong></span> 
     </span>
    </p>
   </div>
   <div class='ocr_carea' id='block_1_3' title="bbox 12 889 1211 1058">
    <p class='ocr_par' dir='ltr' id='par_1_3' title="bbox 12 889 1211 1058">
     <span class='ocr_line' id='line_1_4' title="bbox 102 889 1162 964; baseline -0.001 -16"><span class='ocrx_word' id='word_1_23' title='bbox 102 889 125 948; x_wconf 85' lang='lat' dir='ltr'>ii.</span> <span class='ocrx_word' id='word_1_24' title='bbox 146 891 330 964; x_wconf 88' lang='lat' dir='ltr'>apperiat,</span> <span class='ocrx_word' id='word_1_25' title='bbox 345 907 513 964; x_wconf 84' lang='lat' dir='ltr'><strong>perperam.</strong></span> <span class='ocrx_word' id='word_1_26' title='bbox 552 889 579 947; x_wconf 88' lang='lat'>7.</span> <span class='ocrx_word' id='word_1_27' title='bbox 597 895 631 946; x_wconf 87' lang='lat' dir='ltr'>et</span> <span class='ocrx_word' id='word_1_28' title='bbox 653 892 776 964; x_wconf 88' lang='lat' dir='ltr'>pietas</span> <span class='ocrx_word' id='word_1_29' title='bbox 792 892 954 948; x_wconf 89' lang='lat' dir='ltr'>culmine.</span> <span class='ocrx_word' id='word_1_30' title='bbox 996 891 1043 949; x_wconf 82' lang='lat'>15.</span> <span class='ocrx_word' id='word_1_31' title='bbox 1059 892 1162 948; x_wconf 90' lang='lat' dir='ltr'>hunc.</span> 
     </span>
     <span class='ocr_line' id='line_1_5' title="bbox 12 974 1211 1058; baseline 0.003 -28"><span class='ocrx_word' id='word_1_32' title='bbox 12 995 14 1058; x_wconf 68' lang='lat' dir='ltr'>ss</span> <span class='ocrx_word' id='word_1_33' title='bbox 101 975 227 1033; x_wconf 86' lang='lat' dir='ltr'>adorat.</span> <span class='ocrx_word' id='word_1_34' title='bbox 270 975 419 1032; x_wconf 84' lang='lat' dir='ltr'>17.cum</span> <span class='ocrx_word' id='word_1_35' title='bbox 440 974 509 1031; x_wconf 90' lang='lat' dir='ltr'>iub.</span> <span class='ocrx_word' id='word_1_36' title='bbox 547 975 733 1034; x_wconf 66' lang='lat' dir='ltr'>adfuisti.</span> <span class='ocrx_word' id='word_1_37' title='bbox 770 979 988 1037; x_wconf 80' lang='lat' dir='ltr'>22.natu=rae</span> <span class='ocrx_word' id='word_1_38' title='bbox 1010 981 1162 1033; x_wconf 88' lang='lat' dir='ltr'>mutans.</span> <span class='ocrx_word' id='word_1_39' title='bbox 1207 1011 1211 1014; x_wconf 90' lang='lat'><em>-</em></span> 
     </span>
    </p>
   </div>
   <div class='ocr_carea' id='block_1_4' title="bbox 100 1052 392 1125">
    <p class='ocr_par' dir='ltr' id='par_1_4' title="bbox 12 1052 392 1125">
     <span class='ocr_line' id='line_1_6' title="bbox 100 1052 392 1125; baseline 0 -9"><span class='ocrx_word' id='word_1_40' title='bbox 100 1062 142 1119; x_wconf 81' lang='lat'>28.</span> <span class='ocrx_word' id='word_1_41' title='bbox 164 1079 228 1118; x_wconf 88' lang='lat' dir='ltr'>nos</span> <span class='ocrx_word' id='word_1_42' title='bbox 251 1052 392 1125; x_wconf 81' lang='lat' dir='ltr'>visites.</span> 
     </span>
    </p>
   </div>
   <div class='ocr_carea' id='block_1_5' title="bbox 300 1235 956 1407">
    <p class='ocr_par' dir='ltr' id='par_1_5' title="bbox 300 1235 956 1407">
     <span class='ocr_line' id='line_1_7' title="bbox 410 1235 853 1325; baseline 0 -21"><span class='ocrx_word' id='word_1_43' title='bbox 410 1235 470 1304; x_wconf 74' lang='lat' dir='ltr'>Eia</span> <span class='ocrx_word' id='word_1_44' title='bbox 490 1239 655 1306; x_wconf 79' lang='lat' dir='ltr'>miranda</span> <span class='ocrx_word' id='word_1_45' title='bbox 680 1238 853 1325; x_wconf 63' lang='lat' dir='ltr'>prodicta.</span> 
     </span>
     <span class='ocr_line' id='line_1_8' title="bbox 300 1338 956 1407; baseline 0 -15"><span class='ocrx_word' id='word_1_46' title='bbox 300 1339 385 1394; x_wconf 82' lang='lat' dir='ltr'>Thes.</span> <span class='ocrx_word' id='word_1_47' title='bbox 402 1338 424 1392; x_wconf 91' lang='lat'>1.</span> <span class='ocrx_word' id='word_1_48' title='bbox 442 1356 469 1407; x_wconf 90' lang='lat' dir='ltr'>p.</span> <span class='ocrx_word' id='word_1_49' title='bbox 486 1341 559 1396; x_wconf 52' lang='lat'>285:</span> <span class='ocrx_word' id='word_1_50' title='bbox 579 1339 613 1393; x_wconf 90' lang='lat' dir='ltr'>In</span> <span class='ocrx_word' id='word_1_51' title='bbox 630 1339 800 1394; x_wconf 84' lang='lat' dir='ltr'>visitatione</span> <span class='ocrx_word' id='word_1_52' title='bbox 817 1339 850 1396; x_wconf 90' lang='grc' dir='ltr'>Β.</span> <span class='ocrx_word' id='word_1_53' title='bbox 866 1339 904 1392; x_wconf 90' lang='grc' dir='ltr'>Μ,</span> <span class='ocrx_word' id='word_1_54' title='bbox 924 1339 956 1392; x_wconf 84' lang='lat' dir='ltr'>V.</span> 
     </span>
    </p>
   </div>
   <div class='ocr_carea' id='block_1_6' title="bbox 174 1467 1224 1546">
    <p class='ocr_par' dir='ltr' id='par_1_6' title="bbox 174 1467 1224 1546">
     <span class='ocr_line' id='line_1_9' title="bbox 174 1467 1224 1546; baseline 0.004 -19"><span class='ocrx_word' id='word_1_55' title='bbox 174 1469 266 1528; x_wconf 90' lang='lat' dir='ltr'>Mone</span> <span class='ocrx_word' id='word_1_56' title='bbox 288 1467 326 1526; x_wconf 85' lang='lat' dir='ltr'>IL</span> <span class='ocrx_word' id='word_1_57' title='bbox 349 1487 378 1544; x_wconf 90' lang='lat' dir='ltr'>p.</span> <span class='ocrx_word' id='word_1_58' title='bbox 404 1468 479 1527; x_wconf 85' lang='lat'><strong>11⁷:</strong></span> <span class='ocrx_word' id='word_1_59' title='bbox 521 1467 583 1538; x_wconf 79' lang='lat' dir='ltr'>(Hs.</span> <span class='ocrx_word' id='word_1_60' title='bbox 614 1469 667 1528; x_wconf 87' lang='lat' dir='ltr'>des</span> <span class='ocrx_word' id='word_1_61' title='bbox 690 1472 839 1546; x_wconf 87' lang='lat' dir='ltr'>Lyceums</span> <span class='ocrx_word' id='word_1_62' title='bbox 870 1489 907 1527; x_wconf 83' lang='lat' dir='ltr'>zu</span> <span class='ocrx_word' id='word_1_63' title='bbox 927 1471 1090 1540; x_wconf 83' lang='lat' dir='ltr'>Konstana,</span> <span class='ocrx_word' id='word_1_64' title='bbox 1117 1472 1166 1532; x_wconf 87' lang='lat'>15.··</span> <span class='ocrx_word' id='word_1_65' title='bbox 1218 1501 1224 1516; x_wconf 48' lang='grc' dir='ltr'><em>κ</em></span> 
     </span>
    </p>
   </div>
   <div class='ocr_carea' id='block_1_7' title="bbox 10 1555 1036 1622">
    <p class='ocr_par' dir='ltr' id='par_1_7' title="bbox 10 1555 1036 1622">
     <span class='ocr_line' id='line_1_10' title="bbox 10 1555 1036 1622; baseline 0.001 -11"><span class='ocrx_word' id='word_1_66' title='bbox 10 1591 12 1596; x_wconf 91' lang='grc'>-</span> <span class='ocrx_word' id='word_1_67' title='bbox 97 1555 207 1622; x_wconf 86' lang='lat' dir='ltr'>Jahrb.)</span> <span class='ocrx_word' id='word_1_68' title='bbox 252 1557 281 1615; x_wconf 80' lang='lat'>2.</span> <span class='ocrx_word' id='word_1_69' title='bbox 305 1557 382 1612; x_wconf 90' lang='lat' dir='ltr'>iam.</span> <span class='ocrx_word' id='word_1_70' title='bbox 427 1555 748 1615; x_wconf 72' lang='lat' dir='ltr'>ttsacratissima.</span> <span class='ocrx_word' id='word_1_71' title='bbox 795 1557 824 1614; x_wconf 90' lang='lat'>8.</span> <span class='ocrx_word' id='word_1_72' title='bbox 847 1558 1036 1615; x_wconf 84' lang='lat' dir='ltr'>viscera..</span> 
     </span>
    </p>
   </div>
   <div class='ocr_carea' id='block_1_8' title="bbox 9 1667 1163 1832">
    <p class='ocr_par' dir='ltr' id='par_1_8' title="bbox 9 1655 1163 1832">
     <span class='ocr_line' id='line_1_11' title="bbox 9 1667 1163 1762; baseline -0.009 -18"><span class='ocrx_word' id='word_1_73' title='bbox 9 1691 12 1762; x_wconf 76' lang='lat' dir='ltr'>j</span> <span class='ocrx_word' id='word_1_74' title='bbox 119 1677 273 1741; x_wconf 68' lang='lat' dir='ltr'>¹Salutat</span> <span class='ocrx_word' id='word_1_75' title='bbox 294 1680 420 1734; x_wconf 88' lang='lat' dir='ltr'>matrem</span> <span class='ocrx_word' id='word_1_76' title='bbox 441 1675 558 1735; x_wconf 87' lang='lat' dir='ltr'>Domini</span> <span class='ocrx_word' id='word_1_77' title='bbox 688 1667 862 1745; x_wconf 73' lang='lat' dir='ltr'>,Laudeinus</span> <span class='ocrx_word' id='word_1_78' title='bbox 883 1682 914 1733; x_wconf 87' lang='lat' dir='ltr'>et</span> <span class='ocrx_word' id='word_1_79' title='bbox 929 1695 983 1734; x_wconf 83' lang='lat' dir='ltr'>nos</span> <span class='ocrx_word' id='word_1_80' title='bbox 998 1677 1163 1747; x_wconf 90' lang='lat' dir='ltr'>Dominum,</span> 
     </span>
     <span class='ocr_line' id='line_1_12' title="bbox 153 1761 1121 1832; baseline 0.002 -14"><span class='ocrx_word' id='word_1_81' title='bbox 153 1767 250 1818; x_wconf 85' lang='lat' dir='ltr'>mater</span> <span class='ocrx_word' id='word_1_82' title='bbox 272 1763 350 1820; x_wconf 86' lang='lat' dir='ltr'>vatis</span> <span class='ocrx_word' id='word_1_83' title='bbox 373 1761 496 1829; x_wconf 86' lang='lat' dir='ltr'>mirifici,</span> <span class='ocrx_word' id='word_1_84' title='bbox 689 1761 811 1820; x_wconf 86' lang='lat' dir='ltr'>Patrem</span> <span class='ocrx_word' id='word_1_85' title='bbox 833 1767 863 1824; x_wconf 90' lang='lat' dir='ltr'>et</span> <span class='ocrx_word' id='word_1_86' title='bbox 885 1761 983 1820; x_wconf 88' lang='lat' dir='ltr'>Patris</span> <span class='ocrx_word' id='word_1_87' title='bbox 1006 1763 1121 1832; x_wconf 85' lang='lat' dir='ltr'>Filium,</span> 
     </span>
    </p>
   </div>
   <div class='ocr_carea' id='block_1_9' title="bbox 9 1845 1162 1923">
    <p class='ocr_par' dir='ltr' id='par_1_9' title="bbox 9 1845 1162 1923">
     <span class='ocr_line' id='line_1_13' title="bbox 9 1845 1162 1923; baseline 0.001 -17"><span class='ocrx_word' id='word_1_88' title='bbox 9 1845 11 1854; x_wconf 80' lang='grc'>’</span> <span class='ocrx_word' id='word_1_89' title='bbox 119 1854 186 1914; x_wconf 65' lang='grc' dir='ltr'>,ει</span> <span class='ocrx_word' id='word_1_90' title='bbox 207 1853 294 1906; x_wconf 88' lang='lat' dir='ltr'>vates</span> <span class='ocrx_word' id='word_1_91' title='bbox 318 1865 385 1904; x_wconf 91' lang='lat' dir='ltr'>cum</span> <span class='ocrx_word' id='word_1_92' title='bbox 407 1849 568 1922; x_wconf 87' lang='lat' dir='ltr'>praeconio</span> <span class='ocrx_word' id='word_1_93' title='bbox 672 1853 829 1906; x_wconf 58' lang='lat' dir='ltr'>‘sanctum</span> <span class='ocrx_word' id='word_1_94' title='bbox 843 1865 965 1923; x_wconf 83' lang='lat' dir='ltr'>quoquc</span> <span class='ocrx_word' id='word_1_95' title='bbox 980 1847 1162 1907; x_wconf 86' lang='lat' dir='ltr'>Paraciitum</span> 
     </span>
    </p>
   </div>
   <div class='ocr_carea' id='block_1_10' title="bbox 153 1933 1161 2008">
    <p class='ocr_par' dir='ltr' id='par_1_10' title="bbox 153 1933 1161 2008">
     <span class='ocr_line' id='line_1_14' title="bbox 153 1933 1161 2008; baseline -0.001 -16"><span class='ocrx_word' id='word_1_96' title='bbox 153 1933 252 1992; x_wconf 83' lang='lat' dir='ltr'>reddit</span> <span class='ocrx_word' id='word_1_97' title='bbox 275 1933 391 1991; x_wconf 85' lang='lat' dir='ltr'>salutes</span> <span class='ocrx_word' id='word_1_98' title='bbox 414 1933 549 1991; x_wconf 87' lang='lat' dir='ltr'>Domino.</span> <span class='ocrx_word' id='word_1_99' title='bbox 569 2001 572 2005; x_wconf 14' lang='grc' dir='ltr'><strong><em>Δ</em></strong></span> <span class='ocrx_word' id='word_1_100' title='bbox 691 1951 770 1991; x_wconf 88' lang='lat' dir='ltr'>nuuc</span> <span class='ocrx_word' id='word_1_101' title='bbox 787 1940 818 1991; x_wconf 87' lang='lat' dir='ltr'>et</span> <span class='ocrx_word' id='word_1_102' title='bbox 829 1951 884 2008; x_wconf 89' lang='lat' dir='ltr'>per</span> <span class='ocrx_word' id='word_1_103' title='bbox 898 1951 984 1992; x_wconf 88' lang='lat' dir='ltr'>omne</span> <span class='ocrx_word' id='word_1_104' title='bbox 1000 1936 1161 1992; x_wconf 87' lang='lat' dir='ltr'>saeculum.</span> 
     </span>
    </p>
   </div>
   <div class='ocr_carea' id='block_1_11' title="bbox 306 2193 942 2366">
    <p class='ocr_par' dir='ltr' id='par_1_11' title="bbox 306 2193 942 2366">
     <span class='ocr_line' id='line_1_15' title="bbox 407 2193 847 2284; baseline -0.005 -22"><span class='ocrx_word' id='word_1_105' title='bbox 407 2193 548 2264; x_wconf 66' lang='lat' dir='ltr'>Acuunt</span> <span class='ocrx_word' id='word_1_106' title='bbox 562 2195 660 2284; x_wconf 79' lang='lat' dir='ltr'>fecta</span> <span class='ocrx_word' id='word_1_107' title='bbox 683 2195 847 2264; x_wconf 82' lang='lat' dir='ltr'>tutilaca.</span> 
     </span>
     <span class='ocr_line' id='line_1_16' title="bbox 306 2297 942 2366; baseline -0.003 -14"><span class='ocrx_word' id='word_1_108' title='bbox 306 2298 390 2352; x_wconf 76' lang='lat' dir='ltr'>Thes.</span> <span class='ocrx_word' id='word_1_109' title='bbox 408 2297 430 2351; x_wconf 93' lang='lat'>1.</span> <span class='ocrx_word' id='word_1_110' title='bbox 449 2315 476 2366; x_wconf 88' lang='lat' dir='ltr'>p.</span> <span class='ocrx_word' id='word_1_111' title='bbox 494 2299 552 2354; x_wconf 80' lang='lat'><strong>285.</strong></span> <span class='ocrx_word' id='word_1_112' title='bbox 586 2298 620 2352; x_wconf 85' lang='lat' dir='ltr'>In</span> <span class='ocrx_word' id='word_1_113' title='bbox 638 2299 808 2352; x_wconf 86' lang='lat' dir='ltr'>Visitaticnc</span> <span class='ocrx_word' id='word_1_114' title='bbox 825 2297 942 2351; x_wconf 86' lang='lat' dir='ltr'>Mariae.</span> 
     </span>
    </p>
   </div>
   <div class='ocr_carea' id='block_1_12' title="bbox 154 2397 1111 2745">
    <p class='ocr_par' dir='ltr' id='par_1_12' title="bbox 154 2397 1111 2745">
     <span class='ocr_line' id='line_1_17' title="bbox 155 2397 1058 2488; baseline 0.002 -20"><span class='ocrx_word' id='word_1_115' title='bbox 155 2411 271 2468; x_wconf 80' lang='lat' dir='ltr'>Assunt</span> <span class='ocrx_word' id='word_1_116' title='bbox 293 2413 371 2469; x_wconf 87' lang='lat' dir='ltr'>festa</span> <span class='ocrx_word' id='word_1_117' title='bbox 393 2397 530 2480; x_wconf 88' lang='lat' dir='ltr'>iubilaea,</span> <span class='ocrx_word' id='word_1_118' title='bbox 693 2413 775 2470; x_wconf 85' lang='lat' dir='ltr'><strong>Sacri</strong></span> <span class='ocrx_word' id='word_1_119' title='bbox 797 2413 959 2488; x_wconf 80' lang='lat' dir='ltr'>iunguntur</span> <span class='ocrx_word' id='word_1_120' title='bbox 981 2415 1058 2470; x_wconf 83' lang='lat' dir='ltr'>uteri</span> 
     </span>
     <span class='ocr_line' id='line_1_18' title="bbox 154 2497 1039 2574; baseline 0.002 -20"><span class='ocrx_word' id='word_1_121' title='bbox 154 2499 185 2555; x_wconf 90' lang='lat' dir='ltr'>in</span> <span class='ocrx_word' id='word_1_122' title='bbox 207 2499 322 2555; x_wconf 85' lang='lat' dir='ltr'>Mariae</span> <span class='ocrx_word' id='word_1_123' title='bbox 344 2515 421 2555; x_wconf 90' lang='lat' dir='ltr'>nunc</span> <span class='ocrx_word' id='word_1_124' title='bbox 445 2497 555 2574; x_wconf 84' lang='lat' dir='ltr'>gaudia</span> <span class='ocrx_word' id='word_1_125' title='bbox 690 2499 838 2573; x_wconf 86' lang='lat' dir='ltr'>mitesque</span> <span class='ocrx_word' id='word_1_126' title='bbox 861 2499 907 2556; x_wconf 88' lang='lat' dir='ltr'>sui</span> <span class='ocrx_word' id='word_1_127' title='bbox 930 2497 1039 2556; x_wconf 88' lang='lat' dir='ltr'>domini</span> 
     </span>
     <span class='ocr_line' id='line_1_19' title="bbox 156 2583 1106 2666; baseline 0 -24"><span class='ocrx_word' id='word_1_128' title='bbox 156 2589 221 2666; x_wconf 81' lang='lat' dir='ltr'>tota</span> <span class='ocrx_word' id='word_1_129' title='bbox 235 2585 355 2664; x_wconf 35' lang='lat' dir='ltr'>*psallat</span> <span class='ocrx_word' id='word_1_130' title='bbox 377 2585 506 2642; x_wconf 90' lang='lat' dir='ltr'>ecclesia</span> <span class='ocrx_word' id='word_1_131' title='bbox 690 2585 856 2658; x_wconf 84' lang='lat' dir='ltr'>potentiam</span> <span class='ocrx_word' id='word_1_132' title='bbox 878 2583 948 2640; x_wconf 89' lang='lat' dir='ltr'>dum</span> <span class='ocrx_word' id='word_1_133' title='bbox 969 2587 1106 2660; x_wconf 81' lang='lat' dir='ltr'>percipit,</span> 
     </span>
     <span class='ocr_line' id='line_1_20' title="bbox 157 2669 1111 2745; baseline 0.001 -19"><span class='ocrx_word' id='word_1_134' title='bbox 157 2669 268 2728; x_wconf 85' lang='lat' dir='ltr'>devota</span> <span class='ocrx_word' id='word_1_135' title='bbox 289 2669 411 2726; x_wconf 88' lang='lat' dir='ltr'>laudum</span> <span class='ocrx_word' id='word_1_136' title='bbox 434 2669 577 2726; x_wconf 79' lang='lat' dir='ltr'>dramata.</span> <span class='ocrx_word' id='word_1_137' title='bbox 627 2669 770 2730; x_wconf 76' lang='lat' dir='ltr'>adhunc</span> <span class='ocrx_word' id='word_1_138' title='bbox 794 2669 953 2726; x_wconf 82' lang='lat' dir='ltr'>exultando</span> <span class='ocrx_word' id='word_1_139' title='bbox 978 2673 1111 2745; x_wconf 80' lang='lat' dir='ltr'>suscipit.</span> 
     </span>
    </p>
   </div>
   <div class='ocr_carea' id='block_1_13' title="bbox 6 2789 559 3105">
    <p class='ocr_par' dir='ltr' id='par_1_13' title="bbox 6 2789 529 2950">
     <span class='ocr_line' id='line_1_21' title="bbox 6 2789 529 2852; baseline -0.008 0"><span class='ocrx_word' id='word_1_140' title='bbox 6 2799 7 2852; x_wconf 76' lang='lat'>3</span> <span class='ocrx_word' id='word_1_141' title='bbox 116 2789 134 2849; x_wconf 84' lang='lat'><strong>5</strong></span> <span class='ocrx_word' id='word_1_142' title='bbox 157 2790 249 2848; x_wconf 82' lang='lat' dir='ltr'>Cuius</span> <span class='ocrx_word' id='word_1_143' title='bbox 273 2795 391 2846; x_wconf 86' lang='lat' dir='ltr'>sacrata</span> <span class='ocrx_word' id='word_1_144' title='bbox 412 2792 529 2848; x_wconf 89' lang='lat' dir='ltr'>viscera</span> 
     </span>
     <span class='ocr_line' id='line_1_22' title="bbox 158 2876 486 2950; baseline -0.009 -16"><span class='ocrx_word' id='word_1_145' title='bbox 158 2877 234 2934; x_wconf 88' lang='lat' dir='ltr'>coeli</span> <span class='ocrx_word' id='word_1_146' title='bbox 257 2876 357 2933; x_wconf 90' lang='lat' dir='ltr'>invisit</span> <span class='ocrx_word' id='word_1_147' title='bbox 373 2877 486 2950; x_wconf 38' lang='lat' dir='ltr'>xgratia,</span> 
     </span>
    </p>

    <p class='ocr_par' dir='ltr' id='par_1_14' title="bbox 157 2960 559 3105">
     <span class='ocr_line' id='line_1_23' title="bbox 157 2960 559 3036; baseline 0 -18"><span class='ocrx_word' id='word_1_148' title='bbox 157 2966 191 3018; x_wconf 89' lang='lat' dir='ltr'>ut</span> <span class='ocrx_word' id='word_1_149' title='bbox 213 2966 296 3018; x_wconf 89' lang='lat' dir='ltr'>esset</span> <span class='ocrx_word' id='word_1_150' title='bbox 318 2960 559 3036; x_wconf 70' lang='lat' dir='ltr'>virgugravida,</span> 
     </span>
     <span class='ocr_line' id='line_1_24' title="bbox 159 3046 489 3105; baseline -0.003 -1"><span class='ocrx_word' id='word_1_151' title='bbox 159 3046 237 3104; x_wconf 86' lang='lat' dir='ltr'>thori</span> <span class='ocrx_word' id='word_1_152' title='bbox 259 3047 352 3104; x_wconf 88' lang='lat' dir='ltr'>virilis</span> <span class='ocrx_word' id='word_1_153' title='bbox 379 3047 489 3105; x_wconf 87' lang='lat' dir='ltr'>nescia.</span> 
     </span>
    </p>
   </div>
   <div class='ocr_carea' id='block_1_14' title="bbox 159 2839 1203 3242">
    <p class='ocr_par' dir='ltr' id='par_1_15' title="bbox 693 2839 1120 3084">
     <span class='ocr_line' id='line_1_25' title="bbox 693 2839 1120 2916; baseline 0 -18"><span class='ocrx_word' id='word_1_154' title='bbox 693 2840 810 2898; x_wconf 79' lang='lat' dir='ltr'>Clamat</span> <span class='ocrx_word' id='word_1_155' title='bbox 831 2857 906 2898; x_wconf 87' lang='lat' dir='ltr'>anus</span> <span class='ocrx_word' id='word_1_156' title='bbox 930 2857 997 2916; x_wconf 72' lang='lat' dir='ltr'>curu</span> <span class='ocrx_word' id='word_1_157' title='bbox 1018 2839 1120 2910; x_wconf 88' lang='lat' dir='ltr'>iubilo,</span> 
     </span>
     <span class='ocr_line' id='line_1_26' title="bbox 694 2926 1092 3000; baseline 0 -18"><span class='ocrx_word' id='word_1_158' title='bbox 694 2927 783 3000; x_wconf 87' lang='lat' dir='ltr'>plena</span> <span class='ocrx_word' id='word_1_159' title='bbox 807 2931 910 2983; x_wconf 89' lang='lat' dir='ltr'>sancto</span> <span class='ocrx_word' id='word_1_160' title='bbox 933 2926 1092 3000; x_wconf 80' lang='lat' dir='ltr'>paraclito:</span> 
     </span>
     <span class='ocr_line' id='line_1_27' title="bbox 696 3011 1002 3084; baseline 0 -16"><span class='ocrx_word' id='word_1_161' title='bbox 696 3011 805 3084; x_wconf 86' lang='lat' dir='ltr'>„beata</span> <span class='ocrx_word' id='word_1_162' title='bbox 827 3017 859 3068; x_wconf 92' lang='lat' dir='ltr'>tu</span> <span class='ocrx_word' id='word_1_163' title='bbox 881 3013 911 3068; x_wconf 91' lang='lat' dir='ltr'>in</span> <span class='ocrx_word' id='word_1_164' title='bbox 932 3011 1002 3080; x_wconf 88' lang='lat' dir='ltr'>filio,</span> 
     </span>
    </p>

    <p class='ocr_par' dir='ltr' id='par_1_16' title="bbox 159 3092 1203 3242">
     <span class='ocr_line' id='line_1_28' title="bbox 159 3092 1203 3242; baseline 0 -18"><span class='ocrx_word' id='word_1_165' title='bbox 159 3167 241 3224; x_wconf 85' lang='lat' dir='ltr'>Haec</span> <span class='ocrx_word' id='word_1_166' title='bbox 256 3167 463 3242; x_wconf 82' lang='lat' dir='ltr'>paranympho</span> <span class='ocrx_word' id='word_1_167' title='bbox 481 3166 552 3224; x_wconf 90' lang='lat' dir='ltr'>dum</span> <span class='ocrx_word' id='word_1_168' title='bbox 567 3184 631 3224; x_wconf 90' lang='lat' dir='ltr'>cre·</span> <span class='ocrx_word' id='word_1_169' title='bbox 696 3115 774 3174; x_wconf 61' lang='lat' dir='ltr'><strong>quae</strong></span> <span class='ocrx_word' id='word_1_170' title='bbox 798 3097 951 3156; x_wconf 54' lang='lat' dir='ltr'>credidssti</span> <span class='ocrx_word' id='word_1_171' title='bbox 974 3092 1128 3155; x_wconf 40' lang='lat' dir='ltr'>domim«</span> <span class='ocrx_word' id='word_1_172' title='bbox 1200 3139 1203 3146; x_wconf 35' lang='lat'><strong><em>¹</em></strong></span> 
     </span>
    </p>
   </div>
   <div class='ocr_carea' id='block_1_15' title="bbox 102 3253 1073 3423">
    <p class='ocr_par' dir='ltr' id='par_1_17' title="bbox 102 3253 1073 3423">
     <span class='ocr_line' id='line_1_29' title="bbox 113 3253 1018 3343; baseline -0.009 -11"><span class='ocrx_word' id='word_1_173' title='bbox 113 3325 116 3332; x_wconf 88' lang='lat'>.</span> <span class='ocrx_word' id='word_1_174' title='bbox 503 3253 555 3321; x_wconf 59' lang='lat' dir='ltr'>dita</span> <span class='ocrx_word' id='word_1_175' title='bbox 632 3270 672 3329; x_wconf 80' lang='lat'>25</span> <span class='ocrx_word' id='word_1_176' title='bbox 695 3270 815 3326; x_wconf 73' lang='lat' dir='ltr'>Exultat</span> <span class='ocrx_word' id='word_1_177' title='bbox 837 3269 912 3330; x_wconf 84' lang='lat' dir='ltr'>cocti</span> <span class='ocrx_word' id='word_1_178' title='bbox 934 3271 1018 3343; x_wconf 84' lang='lat' dir='ltr'>regia</span> 
     </span>
     <span class='ocr_line' id='line_1_30' title="bbox 102 3338 1073 3423; baseline -0.006 -6"><span class='ocrx_word' id='word_1_179' title='bbox 102 3338 140 3396; x_wconf 76' lang='lat'>¹⁰</span> <span class='ocrx_word' id='word_1_180' title='bbox 161 3355 277 3396; x_wconf 53' lang='lat' dir='ltr'>fficium</span> <span class='ocrx_word' id='word_1_181' title='bbox 312 3339 391 3396; x_wconf 60' lang='lat' dir='ltr'>hm</span> <span class='ocrx_word' id='word_1_182' title='bbox 424 3355 552 3414; x_wconf 60' lang='lat' dir='ltr'><strong>pneuma</strong></span> <span class='ocrx_word' id='word_1_183' title='bbox 584 3356 630 3396; x_wconf 68' lang='grc' dir='ltr'>ΓΘ·</span> <span class='ocrx_word' id='word_1_184' title='bbox 695 3361 726 3413; x_wconf 91' lang='lat' dir='ltr'>et</span> <span class='ocrx_word' id='word_1_185' title='bbox 748 3353 905 3411; x_wconf 76' lang='lat' dir='ltr'>mundialis</span> <span class='ocrx_word' id='word_1_186' title='bbox 927 3345 1073 3423; x_wconf 81' lang='lat' dir='ltr'>machina,</span> 
     </span>
    </p>
   </div>
   <div class='ocr_carea' id='block_1_16' title="bbox 451 3425 1054 3515">
    <p class='ocr_par' dir='ltr' id='par_1_18' title="bbox 451 3425 1054 3515">
     <span class='ocr_line' id='line_1_31' title="bbox 451 3425 1054 3515; baseline -0.005 -16"><span class='ocrx_word' id='word_1_187' title='bbox 451 3425 554 3499; x_wconf 64' lang='lat' dir='ltr'><strong>Plevst·</strong></span> <span class='ocrx_word' id='word_1_188' title='bbox 696 3441 824 3514; x_wconf 87' lang='lat' dir='ltr'>abyssus</span> <span class='ocrx_word' id='word_1_189' title='bbox 848 3445 939 3515; x_wconf 86' lang='lat' dir='ltr'>atque</span> <span class='ocrx_word' id='word_1_190' title='bbox 961 3442 1054 3496; x_wconf 86' lang='lat' dir='ltr'>maria</span> 
     </span>
    </p>
   </div>
   <div class='ocr_carea' id='block_1_17' title="bbox 159 3507 1164 3684">
    <p class='ocr_par' dir='ltr' id='par_1_19' title="bbox 159 3507 1164 3684">
     <span class='ocr_line' id='line_1_32' title="bbox 161 3507 1164 3598; baseline -0.005 -11"><span class='ocrx_word' id='word_1_191' title='bbox 161 3507 245 3568; x_wconf 79' lang='lat' dir='ltr'>alvus</span> <span class='ocrx_word' id='word_1_192' title='bbox 268 3511 410 3566; x_wconf 62' lang='lat' dir='ltr'>iume⁸⁰ifi</span> <span class='ocrx_word' id='word_1_193' title='bbox 432 3515 463 3567; x_wconf 64' lang='lat' dir='ltr'>ei</span> <span class='ocrx_word' id='word_1_194' title='bbox 484 3511 562 3585; x_wconf 62' lang='lat' dir='ltr'><strong>80¹⁸st</strong></span> <span class='ocrx_word' id='word_1_195' title='bbox 694 3526 818 3586; x_wconf 88' lang='lat' dir='ltr'>laudent</span> <span class='ocrx_word' id='word_1_196' title='bbox 840 3526 935 3582; x_wconf 90' lang='lat' dir='ltr'>Deum</span> <span class='ocrx_word' id='word_1_197' title='bbox 957 3543 1012 3598; x_wconf 90' lang='lat' dir='ltr'>pcr</span> <span class='ocrx_word' id='word_1_198' title='bbox 1035 3527 1164 3587; x_wconf 81' lang='lat' dir='ltr'>saecula.</span> 
     </span>
     <span class='ocr_line' id='line_1_33' title="bbox 159 3595 941 3684; baseline -0.005 -31"><span class='ocrx_word' id='word_1_199' title='bbox 159 3595 281 3654; x_wconf 85' lang='lat' dir='ltr'>verbum</span> <span class='ocrx_word' id='word_1_200' title='bbox 296 3597 403 3670; x_wconf 78' lang='lat' dir='ltr'>patric,</span> <span class='ocrx_word' id='word_1_201' title='bbox 418 3595 499 3670; x_wconf 90' lang='lat' dir='ltr'>quod</span> <span class='ocrx_word' id='word_1_202' title='bbox 513 3598 629 3653; x_wconf 88' lang='lat' dir='ltr'>meruit.</span> <span class='ocrx_word' id='word_1_203' title='bbox 800 3645 822 3684; x_wconf 47' lang='grc' dir='ltr'>ι</span> <span class='ocrx_word' id='word_1_204' title='bbox 939 3641 941 3649; x_wconf 85' lang='grc'>.</span> 
     </span>
    </p>
   </div>
   <div class='ocr_carea' id='block_1_18' title="bbox 106 3713 1096 4050">
    <p class='ocr_par' dir='ltr' id='par_1_20' title="bbox 106 3713 1096 4050">
     <span class='ocr_line' id='line_1_34' title="bbox 161 3713 1096 3783; baseline -0.003 -10"><span class='ocrx_word' id='word_1_205' title='bbox 161 3716 323 3773; x_wconf 82' lang='lat' dir='ltr'>Confestim</span> <span class='ocrx_word' id='word_1_206' title='bbox 345 3720 462 3772; x_wconf 84' lang='lat' dir='ltr'>montes</span> <span class='ocrx_word' id='word_1_207' title='bbox 485 3715 566 3783; x_wconf 89' lang='lat' dir='ltr'>adiit,</span> <span class='ocrx_word' id='word_1_208' title='bbox 695 3713 777 3771; x_wconf 86' lang='lat' dir='ltr'>Patri</span> <span class='ocrx_word' id='word_1_209' title='bbox 800 3731 913 3770; x_wconf 87' lang='lat' dir='ltr'>summo</span> <span class='ocrx_word' id='word_1_210' title='bbox 937 3729 1004 3770; x_wconf 90' lang='lat' dir='ltr'>cum</span> <span class='ocrx_word' id='word_1_211' title='bbox 1026 3713 1096 3781; x_wconf 86' lang='lat' dir='ltr'>filio,</span> 
     </span>
     <span class='ocr_line' id='line_1_35' title="bbox 160 3801 1083 3878; baseline -0.002 -20"><span class='ocrx_word' id='word_1_212' title='bbox 160 3801 315 3860; x_wconf 84' lang='lat' dir='ltr'>Elisabeth</span> <span class='ocrx_word' id='word_1_213' title='bbox 338 3802 488 3870; x_wconf 87' lang='lat' dir='ltr'>salutavit,</span> <span class='ocrx_word' id='word_1_214' title='bbox 571 3874 576 3878; x_wconf 84' lang='lat'><em>.</em></span> <span class='ocrx_word' id='word_1_215' title='bbox 632 3801 675 3860; x_wconf 85' lang='lat'>30</span> <span class='ocrx_word' id='word_1_216' title='bbox 696 3801 954 3874; x_wconf 75' lang='lat' dir='ltr'>spiritui&#39;quoque</span> <span class='ocrx_word' id='word_1_217' title='bbox 978 3805 1083 3856; x_wconf 86' lang='lat' dir='ltr'>sancto</span> 
     </span>
     <span class='ocr_line' id='line_1_36' title="bbox 106 3884 1060 3962; baseline 0.001 -21"><span class='ocrx_word' id='word_1_218' title='bbox 106 3884 140 3944; x_wconf 82' lang='lat'>15</span> <span class='ocrx_word' id='word_1_219' title='bbox 162 3887 253 3946; x_wconf 84' lang='lat' dir='ltr'>obviis</span> <span class='ocrx_word' id='word_1_220' title='bbox 278 3905 344 3944; x_wconf 86' lang='lat' dir='ltr'>eam</span> <span class='ocrx_word' id='word_1_221' title='bbox 367 3889 502 3962; x_wconf 86' lang='lat' dir='ltr'>suscepit</span> <span class='ocrx_word' id='word_1_222' title='bbox 558 3919 561 3927; x_wconf 44' lang='grc' dir='ltr'>ι</span> <span class='ocrx_word' id='word_1_223' title='bbox 699 3887 738 3942; x_wconf 90' lang='lat' dir='ltr'>sit</span> <span class='ocrx_word' id='word_1_224' title='bbox 761 3886 942 3959; x_wconf 88' lang='lat' dir='ltr'>sempiterna</span> <span class='ocrx_word' id='word_1_225' title='bbox 963 3885 1060 3959; x_wconf 86' lang='lat' dir='ltr'>gloria</span> 
     </span>
     <span class='ocr_line' id='line_1_37' title="bbox 139 3969 1092 4050; baseline -0.002 -19"><span class='ocrx_word' id='word_1_226' title='bbox 139 3974 246 4042; x_wconf 70' lang='lat' dir='ltr'>ulnis,</span> <span class='ocrx_word' id='word_1_227' title='bbox 272 3974 393 4050; x_wconf 80' lang='lat' dir='ltr'>stringit</span> <span class='ocrx_word' id='word_1_228' title='bbox 416 3980 448 4030; x_wconf 88' lang='lat' dir='ltr'>et</span> <span class='ocrx_word' id='word_1_229' title='bbox 470 3973 609 4036; x_wconf 72' lang='lat' dir='ltr'>circuit,</span> <span class='ocrx_word' id='word_1_230' title='bbox 698 3973 727 4028; x_wconf 91' lang='lat' dir='ltr'>in</span> <span class='ocrx_word' id='word_1_231' title='bbox 750 3973 864 4028; x_wconf 88' lang='lat' dir='ltr'>unitate</span> <span class='ocrx_word' id='word_1_232' title='bbox 888 3969 992 4027; x_wconf 90' lang='lat' dir='ltr'>solida.</span> <span class='ocrx_word' id='word_1_233' title='bbox 1091 4021 1092 4029; x_wconf 73' lang='grc'>,</span> 
     </span>
    </p>
   </div>
   <div class='ocr_carea' id='block_1_19' title="bbox 108 4081 1166 4237">
    <p class='ocr_par' dir='ltr' id='par_1_21' title="bbox 108 4073 1166 4237">
     <span class='ocr_line' id='line_1_38' title="bbox 108 4081 1166 4237; baseline -0.004 -87"><span class='ocrx_word' id='word_1_234' title='bbox 108 4173 142 4234; x_wconf 59' lang='lat'>¹5</span> <span class='ocrx_word' id='word_1_235' title='bbox 171 4093 337 4237; x_wconf 43' lang='grc' dir='ltr'>ὖιιὲξὲιι.</span> <span class='ocrx_word' id='word_1_236' title='bbox 367 4112 396 4167; x_wconf 82' lang='lat' dir='ltr'>p.</span> <span class='ocrx_word' id='word_1_237' title='bbox 432 4093 516 4152; x_wconf 78' lang='lat' dir='ltr'>na:</span> <span class='ocrx_word' id='word_1_238' title='bbox 552 4093 606 4152; x_wconf 80' lang='lat' dir='ltr'>Hs.</span> <span class='ocrx_word' id='word_1_239' title='bbox 638 4109 675 4148; x_wconf 71' lang='lat' dir='ltr'>zu</span> <span class='ocrx_word' id='word_1_240' title='bbox 698 4091 851 4182; x_wconf 49' lang='lat' dir='ltr'>stuttgart</span> <span class='ocrx_word' id='word_1_241' title='bbox 871 4091 958 4149; x_wconf 74' lang='lat' dir='ltr'>arev.</span> <span class='ocrx_word' id='word_1_242' title='bbox 983 4091 1051 4151; x_wconf 88' lang='lat'><strong>101.</strong></span> <span class='ocrx_word' id='word_1_243' title='bbox 1075 4091 1094 4147; x_wconf 83' lang='lat' dir='ltr'>f.</span> <span class='ocrx_word' id='word_1_244' title='bbox 1116 4081 1166 4150; x_wconf 66' lang='grc' dir='ltr'>τι.</span> 
     </span>
     <span class='ocr_line' id='line_1_39' title="bbox 145 4197 451 4236; baseline 0 -4"><span class='ocrx_word' id='word_1_245' title='bbox 145 4219 151 4232; x_wconf 87' lang='grc'><strong>.</strong></span> <span class='ocrx_word' id='word_1_246' title='bbox 191 4197 208 4236; x_wconf 74' lang='lat' dir='ltr'>a</span> <span class='ocrx_word' id='word_1_247' title='bbox 268 4222 274 4234; x_wconf 90' lang='lat'>.</span> <span class='ocrx_word' id='word_1_248' title='bbox 445 4197 451 4205; x_wconf 83' lang='grc'><strong>“</strong></span> 
     </span>
    </p>
   </div>
   <div class='ocr_carea' id='block_1_20' title="bbox 530 4253 733 4264">
    <p class='ocr_par' dir='ltr' id='par_1_22' title="bbox 530 4253 733 4264">
     <span class='ocr_line' id='line_1_40' title="bbox 530 4253 733 4264; baseline 0 0"><span class='ocrx_word' id='word_1_249' title='bbox 530 4253 733 4264; x_wconf 55' lang='grc' dir='ltr'><strong><em>Μ</em></strong></span> 
     </span>
    </p>
   </div>
   <div class='ocr_carea' id='block_1_21' title="bbox 0 0 1368 5028">
    <p class='ocr_par' dir='ltr' id='par_1_23' title="bbox 0 0 1368 5028">
     <span class='ocr_line' id='line_1_41' title="bbox 0 0 1368 5028; baseline 0 0"><span class='ocrx_word' id='word_1_250' title='bbox 0 0 1368 5028; x_wconf 95' lang='lat' dir='ltr'> </span> 
     </span>
    </p>
   </div>
  </div>
 </body>
</html>
