2728 5028
574 425 635 499 ml
732 470 737 490 ,

14 687 15 696 ¹
159 611 246 668 Mone'
268 609 319 666 111.
344 629 372 686 p.
402 583 487 670 20οε-
532 609 561 666 4.
593 609 697 666 solis.
727 609 793 668 ’10
826 611 1012 669 salutavit.
1057 612 1095 668 Et
1116 613 1142 674 is

14 697 16 770 ξ
89 696 199 770 hymnus
232 699 262 754 in
291 695 507 754 recentioribus
537 693 878 754 Praemonstratensium
907 697 1068 756 Breviariis
1091 697 1143 754 ob-

13 799 15 842 1
89 783 142 840 rins
163 788 217 840 est.
323 793 328 804 ·

377 957 407 1025 0
427 959 604 1052 rudentes
619 960 705 1028 coeli
726 979 844 1032 rosae.

395 1059 439 1114 De
457 1059 506 1114 XL
518 1061 647 1158 blillibus
666 1061 822 1130 Virginum.

140 1174 163 1232 0
184 1173 329 1232 rubentes
353 1174 429 1230 coeli
450 1191 549 1243 rosae,
673 1175 748 1232 Cum
769 1175 865 1232 Maria
886 1180 982 1233 matre
1003 1177 1056 1250 pia

139 1262 303 1335 speciosae,
327 1277 501 1335 generosae,
672 1260 880 1335 hymnizantes
902 1252 1040 1330 melodia,

138 1345 257 1403 undena
278 1347 385 1412 florum
407 1346 507 1414 millia,
612 1345 649 1405 15
672 1348 762 1404 finem
785 1346 891 1404 dantes
914 1348 1017 1416 luctui,

138 1437 303 1497 ecaterva,
321 1425 493 1507 virginalis,
671 1451 735 1500 vos,
759 1432 877 1500 beatae,
900 1451 978 1490 nunc
1002 1451 1130 1502 oramus,

13 1561 15 1570 ,
102 1515 118 1576 5
138 1535 215 1593 quae
231 1517 287 1588 sub
301 1520 404 1592 sponsi
417 1517 538 1592 grandis
552 1517 607 1574 alis
672 1535 779 1592 preces
803 1517 881 1586 date,
906 1519 1118 1594 supplicamns,

127 1603 267 1661 ¹candele
290 1605 383 1662 vincis
406 1603 481 1660 lilia!
673 1603 832 1660 benedicto
854 1604 972 1673 fructui,

13 979 15 990 l

13 1017 15 1098 l

13 1099 15 1188 p
52 1108 56 1126 ι

13 1203 15 1222 i

13 1227 15 1250 l

13 1405 15 1420 l

13 1425 15 1436 l

13 1447 15 1458 l

137 1724 196 1782 Vos
219 1725 340 1782 vocavit
362 1727 393 1780 et
415 1724 525 1780 amavit
939 1781 942 1788 ι

138 1828 285 1885 sponsus,
309 1811 361 1886 qui
382 1826 437 1884 per
464 1826 519 1866 vos
541 1826 610 1884 pro·
676 1810 716 1866 Ut
738 1810 872 1884 peccatis
897 1808 1049 1868 emundati

432 1896 540 1954 stravit
611 1895 653 1954 20
676 1913 712 1954 ac
734 1897 845 1969 uirtute
866 1894 1002 1954 decorati

136 1981 255 2038 hostem
277 1981 448 2056 pudicitiae,
675 1981 712 2037 de
735 1979 836 2038 mundi
858 1982 1014 2056 naufragio
1040 2029 1043 2039 .

12 2065 14 2124 ἑ
85 2065 118 2126 10
137 2085 246 2126 novum
268 2068 363 2124 melos
386 2083 477 2142 snper
507 2066 638 2123 coelos*
674 2067 834 2123 liberemur
856 2072 887 2124 et
909 2083 928 2123 a
950 2066 1014 2123 dira

137 2153 327 2210 modulantes
350 2157 381 2208 et
404 2156 567 2227 sequentes
676 2153 839 2209 saevientis
862 2152 959 2209 hostis
981 2154 1026 2210 ira

12 2303 13 2314 χ
138 2257 247 2315 agnum
269 2227 467 2298 innocentiae.
675 2241 776 2295 vestro
800 2255 867 2294 cum
890 2239 1007 2305 auxilio,

313 2357 352 2418 25
375 2357 424 2425 Ut,
449 2375 516 2416 cum
537 2358 631 2414 instat
652 2359 757 2416 mortis
780 2358 865 2426 hora,

259 2435 263 2439 ’
379 2443 497 2502 liberati
521 2444 584 2500 sine
607 2461 691 2500 mora
860 2451 868 2460 “

381 2529 534 2586 daemonis
558 2523 601 2584 ab'
619 2531 731 2602 impetu

380 2633 447 2672 mox
469 2617 499 2671 in
514 2613 615 2671 caelos
632 2614 838 2683 ascendamus,

269 2687 279 2704 ‘
380 2706 411 2758 et
431 2699 586 2759 vobiscum
608 2699 791 2774 gaudeamus

316 2785 356 2846 30
380 2789 482 2862 sponsi
505 2785 542 2842 de
564 2787 681 2842 intuitu.

159 2925 248 2982 Mone
270 2924 320 2982 ΙΙΙ.
344 2924 415 2984 537.
440 2941 456 2982 e
479 2922 551 2982 Ood.
569 2923 734 2980 Basileensi
756 2939 835 2980 saec.
860 2923 921 2982 XV.

513 3073 581 3080 .-.....
590 3073 714 3080 -.-...—..-.

273 3151 427 3222 Fratres
449 3135 638 3221 unanimes
656 3151 811 3240 foedere
827 3155 948 3222 nociti.

214 3263 218 3271 '
347 3257 431 3310 Thes.
451 3255 472 3308 1.
491 3272 517 3323 p.
536 3257 594 3310 272.
635 3254 679 3308 De
699 3256 726 3308 S.
744 3255 875 3309 Martius.

278 3371 397 3426 Fratres
421 3371 575 3425 unanimes
597 3367 718 3425 loedere
741 3369 832 3426 nexili

278 3473 395 3513 mecum
417 3456 579 3530 participes
602 3455 720 3511 luminis
744 3455 843 3521 annui,

280 3559 339 3616 quo
363 3541 434 3598 solis
457 3539 547 3596 hodie
569 3541 706 3597 fulminat
728 3539 834 3606 orbita,

278 3626 568 3710 Martiniuevehens
591 3627 670 3682 festa
693 3624 830 3682 celebria.

235 3747 254 3808 5
278 3747 439 3804 Cantemus
462 3747 575 3821 pariter
597 3763 716 3803 carmen
739 3745 874 3812 amabile,

104 3881 106 3886 ,
166 3896 170 3900 ,
278 3833 399 3889 Martini
421 3833 535 3890 meritis
558 3831 668 3906 oppido
692 3831 791 3900 nobili,

280 3920 378 3976 clerus
402 3935 469 3974 cunr
490 3917 602 3992 populo
626 3922 772 3974 consonet
794 3933 917 3992 organo,

280 4003 386 4080 grandi
408 4020 476 4060 nam
498 4004 607 4078 volupe
631 4007 678 4060 est
700 4003 831 4078 psallere
855 4002 974 4079 gaudio.

278 4125 426 4181 Martinus
449 4125 683 4199 quoniamvota
705 4121 839 4183 fidelium

219 4211 257 4271 10
279 4208 495 4268 transcendens
518 4209 622 4267 tribuit
645 4214 753 4266 cuncta
777 4209 917 4279 salubria,

281 4296 396 4354 confert
417 4296 466 4352 hic
488 4296 606 4354 famulis
629 4298 686 4353 rite
709 4295 885 4354 canentibus

281 4381 376 4440 stellis
399 4384 520 4441 aureola
544 4385 624 4439 serta
646 4382 833 4444 micantibus.
