2904 5028
678 483 680 494 .
707 437 771 510 354

205 619 266 677 aad
278 619 501 694 Aasqabeaoor,
513 621 567 676 avie
582 621 612 675 in
628 621 680 676 der
688 619 739 676 Hs.
757 621 810 676 der
824 621 944 676 ambros.
954 619 1029 677 aaa
1040 635 1076 676 aa
1091 619 1230 686 Matiane,
1238 618 1278 674 M.
1327 651 1329 658 ι

207 707 256 762 25.
272 705 323 761 des
338 705 385 762 15.
402 705 502 760 Jahrb.
520 704 575 770 (M)
590 706 652 762 aad
666 707 711 762 bei
729 707 879 780 Tomasip.
896 705 969 761 400.
986 699 1046 773 (T),
1061 705 1186 762 aaaron
1204 707 1282 761 Text

205 791 351 858 Danieli,
361 789 409 846 27.
419 792 636 864 oafqeaommea
644 792 702 858 bat,
719 788 968 864 dertrrip'plaabt
985 789 1279 866 esseiursprr‘taqb'ob
1325 853 1327 858 ,

206 880 252 934 eia
266 875 397 950 Hymnus
410 893 551 949 pervasere,
568 877 622 933 dea
637 895 703 933 moa
716 877 769 950 sair
784 877 830 934 die
844 879 965 952 Apostel
977 877 1038 934 uad
1050 877 1201 950 Martyrer
1215 893 1279 932 zer-

205 965 300 1018 1111111
315 963 395 1029 habe,
411 963 550 1018 rotbread
563 962 609 1019 die
623 963 690 1020 Hss.
708 962 856 1030 beroeisea,
877 963 945 1020 dass
960 981 991 1020 es
1006 963 1076 1019 arvei
1087 952 1140 1035 ab·
1154 963 1216 1018 sich
1231 963 1278 1018 be-

205 1048 343 1105 11111111
357 1048 464 1104 dieder
475 1065 580 1107 marea
595 1075 638 1086 -
653 1047 764 1106 Iterum
776 1049 919 1104 miramur
933 1045 1123 1105 temerarium
1138 1047 1279 1104 iudicium

204 1133 306 1190 Monii.
328 1131 453 1188 Praeter
461 1133 652 1190 Thomasium
666 1135 751 1202 enim,
768 1135 819 1208 qui
832 1135 1021 1190 coniunctum
1032 1133 1124 1190 habet
1135 1134 1279 1207 hymnum

207 1237 242 1276 ex
251 1217 410 1274 admodum
417 1219 501 1274 novis
510 1223 625 1276 tantum
640 1219 791 1276 codicibus
807 1222 1057 1294 ms.recognovit;
1073 1218 1280 1294 unovidelicet

207 1305 319 1361 saeculi
334 1303 407 1372 XH,
423 1305 546 1378 reliquis
563 1305 732 1362 serioribus.
770 1304 898 1361 Proinde
913 1305 1041 1373 MoniuS,
1056 1307 1080 1362 si
1096 1309 1277 1379 reputasset,

206 1391 236 1446 iu
253 1389 317 1446 cod.
332 1389 494 1446 Oxoniensi
509 1407 588 1447 saco.
603 1391 680 1448 VIII.
697 1393 886 1449 coniunctum
901 1391 1043 1464 hymnum
1057 1392 1165 1458 inesse,
1183 1395 1213 1446 et
1225 1405 1278 1463 pa-

206 1477 279 1532 riter
300 1478 331 1532 in
352 1480 455 1531 nostro
484 1473 659 1532 Monacensi
685 1477 731 1535 15.
763 1493 841 1534 saec.
865 1474 942 1534 XIII.
973 1475 1072 1542 (rues
1094 1473 1131 1532 Η.
1156 1475 1278 1549 Proleg.

205 1581 235 1636 p.
259 1561 294 1617 X.
318 1580 347 1634 p.
372 1557 453 1626 381.)
477 1562 739 1625 omissatantum·
755 1563 879 1636 stropha
907 1560 1153 1618 Ecclesitrum
1181 1561 1277 1634 prin·

208 1649 326 1721 cipes,
351 1648 466 1702 cautius
491 1649 668 1704 sententiam
695 1665 779 1705 suam
800 1648 992 1723 protulisset,
1023 1651 1113 1722 atque
1135 1647 1278 1721 hymnum

206 1735 369 1807 praecipue
391 1734 421 1788 in
436 1733 544 1788 italicis
562 1733 714 1790 codicibus
731 1734 870 1792 obvenire
885 1751 1009 1808 prorsus
1025 1734 1178 1790 tacuisset.
1216 1729 1277 1788 Sed

207 1835 242 1874 eo
257 1819 444 1892 potissimum
459 1818 577 1875 Monius
593 1825 709 1893 peccat,
723 1819 804 1894 quod
818 1821 848 1876 in
862 1817 1114 1893 recognoscendis
1129 1820 1175 1886 iis,
1197 1833 1276 1892 quae

207 1904 256 1960 alii
270 1905 494 1978 praestiterunt,
503 1905 566 1960 sere
580 1906 763 1980 negligentia
777 1911 809 1962 et
821 1904 1015 1978 despicientia
1025 1907 1125 1962 utitur.
1155 1903 1276 1961 Monius

207 2007 274 2046 curn
296 1988 411 2057 viderit,
436 1991 524 2046 etiam
546 1992 576 2046 in
604 1990 668 2046 cod.
696 1991 829 2049 Rhenov.
862 1992 929 2048 111.
961 2005 1038 2048 saec.
1061 1989 1096 2046 X.
1126 1991 1276 2064 integrum

207 2080 324 2132 exstare
339 2075 490 2148 hymnum,
515 2080 627 2132 etcum
648 2095 703 2132 nos
719 2075 928 2144 addiderimus,
951 2077 1064 2150 pariter
1084 2093 1149 2132 rem
1163 2075 1274 2130 habere

204 2160 324 2218 incod.
346 2160 500 2228 Beruensi,
526 2164 704 2218 sententiam
727 2179 819 2231 suam,
842 2161 873 2218 id
889 2179 1010 2234 sperare
1033 2162 1113 2228 lice't,
1136 2162 1203 2234 ipse
1225 2159 1276 2214 ab·

208 2245 327 2304 dicabit.
370 2245 472 2304 Bedae
494 2249 664 2308 testimonio
693 2247 806 2322 (Suppl.
828 2267 857 2324 p.
880 2245 942 2314 21.)
972 2245 1054 2322 quod
1075 2246 1176 2305 Manio
1199 2244 1275 2300 adeo

208 2333 369 2388 contemtui
393 2337 440 2388 est
462 2333 561 2398 (More
583 2335 602 2390 l.
620 2351 644 2390 c.
666 2353 694 2406 p.
713 2333 785 2390 144:
815 2335 931 2390 Vezz'oss'
952 2333 1081 2388 bomerlct
1100 2335 1153 2388 mit
1173 2330 1274 2398 Reobt,

207 2419 274 2474 dass
297 2418 344 2474 die
367 2418 396 2474 S.
413 2418 563 2475 Mouriaer
585 2421 643 2491 auf
659 2423 705 2476 eia
727 2420 864 2476 ualclares
886 2419 1027 2494 anqaiss
1049 2418 1100 2474 des
1121 2417 1203 2474 Beda
1225 2417 1275 2472 bia

207 2504 301 2560 dieses
322 2505 395 2560 Lied
408 2505 469 2560 dem
492 2505 518 2560 b.
544 2505 710 2562 Ambrosius
739 2505 961 2579 aupesobriebea
990 2504 1106 2570 blittero,
1136 2520 1190 2559 voa
1212 2501 1275 2558 dem

207 2608 238 2645 es
260 2590 340 2646 nicht
360 2591 414 2656 ist,
445 2591 514 2646 aber
542 2591 617 2646 roobt
643 2591 715 2664 acob
744 2593 790 2650 ias
813 2591 839 2646 5.
862 2589 961 2646 Jahrb.
984 2587 1098 2663 pcbtrt)
1120 2587 1274 2662 probatur,

205 2673 308 2748 hymni
337 2675 462 2730 formam
497 2677 679 2748 primaevam
713 2675 751 2732 ad
780 2681 927 2750 martyres
958 2675 1151 2748 spectavisse.
1199 2672 1274 2730 Con-

205 2760 284 2818 feras
308 2761 397 2816 etiam
418 2759 617 2835 Radulphum.

218 2912 220 2920 ‚
290 2881 379 2938 Mone
401 2881 468 2944 1.,1.
491 2881 519 2938 3.
544 2886 742 2938 canentes.

290 3141 473 3231 Stephano
493 3145 607 3231 primo
628 3145 775 3230 martyri
803 3172 831 3228 p.
861 3151 910 3210 89.
961 3120 1051 3208 Mons
1073 3141 1176 3226 HL‘p.
1200 3149 1272 3209 504.

207 3245 241 3295 ut
262 3241 394 3296 nativam
417 3242 554 3296 carminis
576 3241 683 3296 faciem
704 3239 760 3294 has
784 3238 923 3312 strophas
947 3238 1115 3294 constituit:
1158 3321 1160 3328 Α

270 3375 422 3450 Stephano
437 3393 564 3433 coronae
577 3381 740 3449 martyrum
805 3370 862 3444 Qui
884 3379 998 3448 martyr
1019 3366 1186 3430 infidelibus

182 3476 190 3482 “
270 3467 389 3518 cantate
413 3463 561 3518 canticum
583 3480 700 3530 novum,
746 3461 783 3519 10
806 3478 906 3517 amore
923 3460 1073 3516 Christum
1084 3455 1271 3534 praedicans,
1382 3477 1385 3484 ¹

270 3548 351 3622 quod
367 3547 454 3604 dulce
471 3549 509 3604 sit
530 3536 738 3622 psallentibus
805 3551 908 3604 sancto
931 3547 1064 3619 repletus
1089 3545 1194 3620 spiritu
1220 3545 1221 3548 ’

269 3651 357 3708 opem
378 3635 455 3690 serat
478 3633 676 3690 credentibus.
800 3625 918 3690 ¹vultum
940 3629 1064 3706 gerebat
1086 3626 1193 3704 angeli.

115 3747 118 3770 ¹
225 3753 324 3810 5Hic
346 3755 459 3828 primus
482 3754 558 3810 almo
584 3739 728 3827 sanguine
803 3749 915 3807 Iudaea
938 3751 1033 3808 saevit
1053 3747 1169 3824 perfida

223 3893 227 3898 .
271 3839 382 3896 Christi
405 3845 527 3896 secutus
550 3839 674 3912 gloriam
804 3839 834 3893 et
857 3853 928 3893 saxa
951 3833 1167 3910 comprendens
1183 3850 1274 3890 manu

150 3919 153 3924 ’
269 3926 348 3982 viam
371 3926 475 3982 salutis
499 3926 607 3981 ceteris
645 3919 646 3922 ’
744 3919 780 3980 15
805 3921 951 3990 currebat,
975 3927 1008 3978 ut
1031 3919 1181 3992 occideret
1231 3981 1234 3984 ,

269 4027 370 4068 amore
393 4013 497 4068 mortis
519 4009 664 4085 praebuit.
803 4008 914 4064 Christi
935 4007 1098 4066 verendum
1120 4007 1252 4062 militem.

509 4131 550 4186 At
572 4129 622 4186 ille
645 4127 746 4186 coelos
768 4130 887 4185 intuens

508 4215 599 4274 tradit
620 4215 740 4270 beatum
763 4213 908 4288 spiritum,
1026 4275 1028 4281 ¹

435 4339 448 4354 .
507 4319 562 4375 pro
584 4305 818 4374 persequentum
840 4301 959 4356 crimine

443 4385 485 4450 20
505 4403 627 4466 precem
650 4385 811 4444 secundam
834 4385 974 4462 dirigens.
