2728 5028
320 701 628 787 mesocampum
649 701 862 792 flaminique
883 704 1005 791 apstri.

408 790 442 858 Iu¹
460 805 559 858 eadem
575 803 732 858 festivitate
751 804 787 856 ad
804 789 926 856 Laudes.

162 969 165 977 r
334 935 377 992 Te
399 934 620 1008 Redemptoris,
643 933 819 1008 Dominique
841 935 935 990 nostri

332 1020 464 1077 Dicimus
486 1026 621 1088 matrem,
645 1021 784 1093 speciosa
805 1017 907 1093 Virgo,

334 1105 570 1162 Christianorum
592 1101 684 1161 decus
707 1109 738 1161 et
759 1103 895 1162 levamen
987 1173 990 1181 ,

397 1209 404 1216 ’
484 1189 586 1246 Rebus
608 1192 638 1246 iu
661 1191 760 1246 arctis.

289 1313 308 1372 5
332 1311 475 1370 Saeviant
496 1311 601 1384 portae
624 1307 696 1366 licet
717 1309 886 1376 inferorum,

333 1399 437 1456 Hostis
460 1395 603 1468 antiquus
624 1393 741 1462 fremat,
765 1399 796 1450 et
818 1395 958 1462 minaces,

334 1483 375 1540 Ut
396 1481 460 1540 Deo
484 1497 602 1536 sacrum
623 1479 791 1556 populatu
803 1496 920 1554 agmen,

488 1566 619 1622 Suscitet
640 1566 709 1622 iras.

272 1675 279 1690 ’
332 1686 382 1742 Nil
403 1691 504 1742 truces
526 1689 654 1759 possunt
674 1685 769 1742 furiae
790 1701 900 1742 nocere

273 1771 313 1830 to
333 1770 485 1830 Mentibus
508 1772 609 1837 castis,
627 1763 723 1844 ‘prece
746 1787 821 1844 quas
845 1774 953 1826 vocata

333 1857 476 1914 innuens
498 1855 589 1931 Virgo
611 1855 702 1939 fovet,
726 1861 757 1912 et
779 1871 908 1930 superno

486 1937 605 1998 Robore
626 1941 732 1998 firmat
784 1989 786 1996 ,

333 2059 430 2118 Tanta
452 2062 478 2117 si
500 2060 586 2117 nobis
609 2059 712 2118 faveat
733 2048 880 2127 Patrona,

334 2145 440 2204 Bellici
463 2138 564 2203 c'essat
587 2146 710 2202 sceleris
733 2145 887 2213 tumultus,
915 2208 922 2223 ‚

273 2232 311 2290 15
333 2231 416 2290 Mille
439 2235 622 2300 sternuntur,
644 2231 800 2306 fugiuntve
822 2237 948 2299 turmae,

487 2317 571 2374 Mille
594 2317 743 2374 cohortes.

335 2437 427 2496 Tollit
448 2441 482 2492 ut
504 2441 609 2493 sancta
631 2440 723 2510 ‘caput
744 2437 774 2493 in
798 2436 886 2494 Sioue

285 2572 292 2578 ,
334 2523 446 2590 Turris,
469 2539 521 2578 arx
539 2513 626 2578 'firmo
649 2521 794 2578 fabricata
816 2539 910 2590 muro,

334 2607 446 2666 Civitas
468 2606 574 2675 David,
599 2608 723 2682 clypeis,
747 2613 778 2666 et
800 2609 862 2666 aori

270 2695 312 2754 20
368 2711 376 2724 ·
486 2693 582 2750 Milite
604 2698 679 2768 tuto,

334 2814 426 2890 Virgo
450 2815 494 2870 sic
517 2813 603 2870 sortis
625 2813 742 2869 Domini
763 2813 880 2888 potenti

334 2899 472 2967 Dextera,
497 2899 573 2965 coeli
596 2898 746 2956 cumulata
769 2897 863 2965 donis,

335 2984 363 3040 A
384 2985 442 3059 piis
464 2985 555 3059 longe
577 2984 696 3041 famulis
718 2973 838 3060 repellit

486 3070 645 3127 Daemonis
667 3071 754 3126 ictus.

271 3189 311 3248 25
331 3189 374 3246 Te
396 3207 452 3265 per
474 3194 612 3248 aeternos
635 3205 811 3248 veneremur
833 3205 926 3246 annos
942 3193 999 3246 etc.

434 3309 444 3346 s

441 3441 614 3521 Coeteoto‘s
636 3473 718 3538 apoto
738 3454 894 3540 nuptiae.

128 3556 164 3610 In
180 3556 268 3610 Festo
288 3555 315 3608 S.
333 3553 458 3608 lullanae
478 3555 513 3606 de
530 3553 712 3608 Falconeriis.
737 3553 913 3622 (lesluu)
936 3553 969 3608 In
986 3553 1115 3622 utrisque
1134 3506 1204 3610 Ves-

459 3623 462 3630 '
488 3623 565 3692 peris
580 3627 609 3676 et
622 3624 658 3676 ad
668 3623 845 3676 Matutinum.
952 3661 956 3669 f
1302 3652 1305 3654 -
1328 3660 1334 3671 .

194 3731 345 3812 coelestis
367 3751 447 3828 Agui
469 3753 599 3826 nuptias,
735 3752 812 3823 Quin
836 3753 1000 3828 septiformi
1021 3753 1143 3812 vulnere

193 3840 219 3898 0
242 3839 369 3907 Iuliana,
393 3837 463 3895 dum
485 3840 574 3912 petis,
676 3841 714 3898 10
736 3839 804 3896 Flos
827 3837 866 3894 ad
888 3855 967 3913 genu
989 3839 1151 3913 Deiparae:

193 3926 324 3982 Domum
346 3929 504 3998 paternam
526 3922 650 3992 deseris,
736 3923 796 3981 Sed
819 3925 928 3980 crescit
949 3921 1046 3980 infusa
1067 3925 1141 3982 fletu

192 4010 388 4086 chorumque
403 4008 489 4066 ducis
504 4009 666 4085 virginum.
732 4009 941 4084 Flammasque
963 4009 1042 4067 tollit
1064 4011 1203 4068 charitas.

152 4127 558 4205 isponsumqueeuifixum
581 4127 669 4186 Cruci
733 4129 808 4186 Hinc
824 4133 921 4186 morte
942 4129 1053 4187 fessam
1070 4131 1204 4205 proxima
1305 4135 1316 4144 “

192 4215 318 4283 Noctes,
336 4212 461 4289 diesque
477 4213 547 4270 dum
563 4217 668 4290 gemis,
733 4215 800 4272 Non
822 4217 933 4272 usitato
956 4219 987 4272 te
1010 4214 1098 4272 modo

193 4299 315 4356 Doloris
337 4300 399 4356 icta
421 4299 547 4374 cuspide
673 4299 711 4358 15
735 4299 865 4370 Solatur,
889 4305 929 4368 et
941 4302 1034 4358 nutrit
1055 4301 1146 4369 Deus,
1244 4313 1250 4326 ¹
1277 4301 1284 4321 '

194 4385 304 4462 Sponsi
324 4385 420 4444 resero
442 4386 610 4461 imaginem.
732 4383 848 4462 Dipem
864 4401 1023 4462 supernam
1037 4388 1214 4477 porrigens.¹
