2772 5024
168 591 294 658 essm
349 587 538 651 tomam,
567 589 1001 644 &cinnamum

168 660 279 711 alteriori
321 674 357 710 ιι.
374 658 529 710 nerhenes-n
547 659 645 720 Ιιιιιιιι,
668 660 704 710 da
726 660 769 710 die
790 662 901 738 spctm
922 661 996 710 eheu
1041 661 1091 710 ent
1114 659 1162 710 ιιιίι
1179 657 1241 708 lier-

167 725 337 778 nannenten
353 725 467 778 renem
485 727 604 792 1ι“ι[ειιι.ιι
634 727 693 790 (Μ)
711 726 831 778 Atbaec
849 725 952 793 opinio,
971 723 1105 794 hymnuui
1120 727 1155 777 ab
1176 725 1243 776 Am·
1344 737 1349 750 ⁸

168 795 264 846 brosio
283 795 426 846 conditum
444 809 517 854 esse,
537 795 588 846 sed
603 795 763 846 omnimodo
776 801 947 861 corruptum,
967 795 1059 846 effecit
1072 799 1104 845 ut
1117 792 1242 853 Monius,
1264 845 1271 852 .

167 862 317 915 vetustiori
333 865 496 914 membrana
513 862 675 920 destitutus
695 865 841 929 (putebant
859 869 967 929 septem
985 877 1024 916 sc.
1043 861 1118 916 XIV.
1137 861 1242 914 etxv.

168 931 242 996 cod.)
261 931 398 982 audacius
416 945 529 982 carmen
548 930 602 982 sibi
620 932 818 984 conformaret.

254 1025 282 1083 3.
307 1025 337 1081 S.
361 1028 554 1098 promisso.
600 1027 628 1083 5.
643 1007 692 1081 Μ.
717 1026 905 1100 surgebat.
951 1028 1081 1100 erpetui,
1104 1025 1243 1081 meiriscb

50 1114 55 1124 '
167 1119 235 1184 put,
270 1113 340 1167 aber
368 1112 430 1166 dem
461 1111 717 1185 Spracbqebrnncli
746 1117 825 1166 ιιιᾶιε
853 1113 981 1168 iurabat
1007 1127 1241 1185 unqemcssener.

173 1197 299 1269 Urpebat
324 1199 387 1269 qibt
414 1199 497 1252 einen
526 1197 656 1268 schiesen
680 1197 768 1262 Sinn,
798 1199 938 1270 snrqetat
964 1197 1072 1254 lrommt
1099 1197 1171 1252 ater
1190 1197 1244 1267 seir

169 1281 458 1356 Zeitbestimmnnpen
487 1283 517 1337 in
547 1281 601 1336 den
629 1282 762 1354 Hymnen
790 1283 951 1338 naseinai
977 1301 1044 1348 vor,
1075 1299 1100 1336 z.
1124 1282 1161 1336 B.
1185 1283 1242 1336 ιἰιιι

168 1369 266 1440 surqit
286 1365 358 1422 liora
386 1369 491 1433 tertia,
521 1385 629 1422 aurora
656 1370 754 1441 serpit
781 1384 809 1422 n.
833 1366 894 1441 dgl.
937 1367 980 1422 An
1001 1383 1058 1423 vox
1080 1363 1243 1440 urgendi

169 1467 238 1507 cum
261 1452 381 1524 saepius
403 1469 458 1526 pro
481 1453 626 1507 instare
649 1459 811 1526 usurpetur
832 1451 931 1527 (urget
953 1459 1073 1526 tempus
1095 1449 1243 1507 moriendi

168 1537 229 1592 Cic.
253 1536 342 1592 Tusc.
365 1536 399 1602 1.,
425 1535 505 1604 103),
527 1536 658 1592 tenenda
674 1544 721 1593 est
743 1536 879 1593 codicum
901 1539 1058 1611 scriptura.
1103 1536 1133 1594 b.
1157 1537 1186 1593 7.
1201 1535 1243 1590 Μ.

168 1623 231 1696 qui
253 1623 414 1694 mystice
445 1623 680 1696 septemplici
709 1623 858 1679 volutus
888 1623 974 1678 orbe
1004 1624 1161 1696 septies:
1187 1619 1243 1678 sed

168 1724 271 1762 omnes
293 1706 360 1762 libri
390 1707 495 1782 legimt
516 1725 600 1781 quo,
627 1725 704 1763 unns
723 1705 864 1764 Bebelius
886 1709 1055 1781 mystice.
1098 1707 1242 1762 Bebelius

168 1791 256 1848 orbe
279 1792 412 1848 voluto.
456 1793 586 1866 Vulgata
614 1793 704 1848 lectio
734 1799 765 1849 et
793 1793 934 1849 librorum
957 1793 1138 1849 auctoritate
1162 1809 1244 1848 com·

167 1875 325 1932 mentiatur
343 1893 382 1936 ¹sc
407 1879 555 1932 sententia
577 1880 696 1950 optimu.
734 1879 814 1935 Nihil
828 1880 954 1934 mutavit
977 1884 1130 1934 corrector
1152 1877 1242 1933 Brev.

126 1957 130 1963 ’
167 1961 300 2017 Romani.
339 1961 418 2020 9.Μ.
441 1968 534 2018 tunc.
570 1965 617 2020 11.
631 1964 671 2020 Μ.
694 1965 883 2036 apostolis
905 1964 1104 2020 orantibus.
1145 1961 1241 2020 1211.

167 2049 359 2114 nuncians,
383 2047 465 2122 quod
479 2048 649 2125 probamus.
684 2049 725 2104 Μ.
747 2052 845 2121 seiner
859 2050 994 2105 rnetriscli
1008 2053 1103 2104 nure:
1125 2051 1244 2105 venisse

167 2135 284 2188 nuntiat
305 2133 396 2188 deum.
445 2133 491 2190 13.
515 2133 549 2187 R.
572 2140 696 2206 patre.
738 2135 778 2190 Μ.
809 2153 879 2208 erqo
907 2135 998 2190 haben
1021 2135 1091 2200 alle,
1115 2135 1244 2190 aberro

162 2217 317 2292 prosaiscb
339 2217 464 2273 dictricte
484 2219 651 2274 Ambrosius
673 2220 760 2285 nicht,
784 2239 816 2276 es
837 2221 895 2276 soll
914 2218 1154 2275 mnbrscteinliclt
1177 2235 1245 2273 ecce

166 2301 277 2358 steten.
322 2303 414 2357 Beide
443 2303 596 2359 Wortclien
619 2305 736 2360 murden
766 2305 857 2360 durch
886 2305 950 2360 ihre
972 2305 1106 2360 riulione
1127 2303 1245 2360 Ablciir-

166 2379 245 2460 ιιιιιῇ
273 2388 319 2458 ost
346 2388 540 2443 bernechselt.
589 2389 636 2443 11.
660 2389 694 2443 R.
726 2389 754 2444 S.
777 2389 832 2444 Ab.
864 2395 894 2444 et
917 2405 969 2445 sex
999 2388 1120 2444 codices
1147 2388 1244 2444 Monii

167 2471 280 2526 almus
304 2477 368 2527 est.
413 2471 552 2528 Ostendit
583 2471 718 2528 codicum
748 2491 912 2530 consensus
944 2476 1123 2548 scripturam
1152 2475 1244 2528 unice

165 2573 280 2623 veroin,
301 2574 392 2630 qnam
415 2575 469 2614 suo
492 2559 556 2614 iure
579 2561 710 2614 servavit
729 2559 816 2616 Brev.
830 2559 1005 2615 Romanum
1041 2559 1081 2616 Μ
1103 2561 1244 2615 missus
1345 2573 1350 2586 ·

166 2646 239 2708 est,
261 2642 351 2698 lectio
380 2641 523 2698 moderna
543 2643 766 2717 Wimphelingii
787 2645 912 2700 Fabricii
942 2650 973 2701 et
993 2645 1086 2702 Brev.
1102 2642 1244 2700 Praedio.

169 2725 250 2784 1643
273 2727 352 2784 editi.
392 2728 438 2786 15.
454 2727 509 2784 Ab.
532 2746 615 2802 quo.
653 2729 699 2786 16.
725 2729 754 2786 S.
777 2731 981 2818 complevit.
1017 2729 1051 2786 ln
1073 2729 1244 2788 nonnuliis

166 2897 195 2954 S.
219 2896 414 2954 diversae.
448 2899 482 2952 R.
506 2855 738 2954 cont'sonant·
755 2899 795 2954 M.
817 2901 904 2956 Diese
925 2857 1161 2957 Ζιιαιιίι1ιίιι
1188 2899 1246 2956 Ge·

164 2979 286 3056 pensan
308 2982 361 3038 der
388 2983 681 3058 Sprnebvernirrnnp
712 2987 756 3041 bei
783 2985 844 3040 dem
871 2985 994 3042 Thurme
1016 2985 1139 3053 Babelr,
1170 2985 1246 3040 aber

164 3067 218 3122 der
236 3067 375 3140 folpende
402 3067 474 3138 Vero
502 3067 594 3141 tritiqt
621 3069 711 3125 domii
739 3070 819 3125 nicht
845 3079 899 3144 qut
926 3089 1104 3137 zusammen,
1135 3089 1245 3126 ausser
1295 3106 1300 3112 -

163 3169 247 3207 menn
269 3170 334 3206 man
360 3153 452 3222 fando
480 3159 554 3209 stati
578 3154 685 3224 fantur
713 3163 803 3220 setzt,
833 3156 938 3211 melche
959 3157 1065 3212 Lesnrt
1092 3158 1147 3210 mir
1170 3156 1245 3210 aber

163 3236 245 3292 nicht
265 3236 392 3292 bekannt
421 3239 468 3293 ist.
512 3238 574 3293 Vox
605 3245 828 3306 consonant,
859 3257 936 3314 quae
966 3259 1026 3296 non
1056 3237 1095 3294 ud
1125 3245 1245 3296 turrem

163 3319 360 3393 Babylonium
376 3327 504 3394 spectat,
529 3322 583 3378 sed
599 3323 637 3378 ad
658 3326 790 3396 proxime
805 3325 935 3396 positum
958 3325 1146 3392 diversae,
1172 3343 1246 3380 cum

104 3421 106 3423 ·
162 3411 324 3479 praetcrea
346 3406 516 3473 Thomasio,
540 3408 584 3462 W.
604 3409 628 3464 1.
652 3407 700 3463 Os.
723 3415 849 3482 accepta
872 3411 926 3483 sit,
957 3409 1143 3470 nondubito
1168 3411 1247 3484 quin
1360 3465 1366 3478 ,

164 3492 344 3546 sententium
360 3493 505 3564 exprimat
518 3494 686 3566 genuinam.
723 3494 788 3548 Non
802 3511 877 3566 opus
901 3501 949 3550 est
969 3501 1085 3551 mutere
1106 3498 1248 3553 inversu

163 3581 318 3647 sequente.
363 3577 413 3634 21.
430 3579 479 3634 22.
502 3577 542 3631 Μ.
566 3580 711 3650 cogitur
741 3577 919 3646 Graecus,
942 3581 1127 3648 Latinus,
1151 3580 1247 3636 Bar-

160 3659 279 3716 barus.
328 3661 388 3716 Der
418 3661 558 3734 Sinpnlar
586 3663 665 3718 stelit
692 3663 756 3718 bier
782 3665 837 3735 fiir
865 3665 920 3720 den
951 3667 1065 3722 Plorat.
1087 3693 1132 3704 ——
1160 3667 1247 3722 Viele

160 3745 354 3800 Absckreiber
376 3737 550 3802 versiondcn
573 3747 636 3802 dies
658 3748 751 3814 nicht,
774 3749 909 3805 nodnrcb
931 3749 979 3808 die
1002 3751 1094 3806 Stelle
1116 3753 1253 3824 bisons

160 3829 208 3884 die
229 3840 368 3886 nenesten
380 3831 532 3911 Abdrniclce
547 3831 704 3887 verdorben
727 3835 822 3888 ist—
836 3835 926 3890 ctiam
947 3837 977 3891 in
996 3835 1085 3892 Brev.
1101 3835 1245 3892 Romano

160 3914 284 3986 notique
308 3919 398 3969 cunct
398 3916 423 3970 is
448 3914 596 3988 gentibus,
621 3914 754 3984 Graecis„
778 3917 901 3986 Latinis,
931 3919 1139 3975 Barbaris—
1162 3922 1246 3978 deun

160 3998 209 4052 die
230 3999 426 4070 qenbhnlichc
440 4001 547 4056 besart
567 4003 675 4073 couniti
692 4001 817 4069 Graecis,
840 4004 962 4070 Latinis,
986 4006 1135 4062 Barbarie
1145 4005 1247 4064 haben

159 4081 195 4136 B.
214 4082 288 4139 01).
304 4084 339 4138 E
363 4083 414 4147 (sc.
436 4084 557 4158 1415)
583 4085 611 4140 S.
635 4087 694 4140 nnd
711 4087 824 4154 Daniel,
847 4089 894 4144 die
916 4091 1037 4188 iibriqen
1060 4093 1115 4146 nie
1138 4093 1248 4166 chipen-

163 4167 254 4234 Tent,
277 4187 334 4223 nur
367 4168 397 4223 G
419 4170 455 4224 H.
480 4169 530 4232 (sc.
552 4169 591 4224 14
593 4169 612 4234 )
642 4171 703 4226 und
730 4174 793 4226 eine
815 4173 996 4246 Randploese
1025 4177 1056 4230 in
1081 4175 1110 4231 S
1141 4181 1248 4235 coitur
1289 4169 1293 4174 ’

161 4251 234 4307 nack
254 4254 472 4323 sranzo'm'scber
492 4255 676 4326 Ansspracbe
690 4258 742 4312 nait
755 4259 987 4316 unterdrnclnem
1008 4279 1037 4333 p.
1081 4259 1117 4316 R.
1141 4265 1247 4338 cogi-

158 4339 232 4404 tur,
258 4335 312 4392 sed
335 4336 503 4392 Graecis
510 4342 566 4398 etc.
611 4339 688 4398 Sene
711 4357 774 4397 vox
789 4345 948 4420 cogitur
977 4363 1001 4400 s.
1025 4347 1149 4403 coitur
1174 4349 1246 4406 sine
