2822 5026
616 447 662 522 Β

372 622 450 692 lota
468 624 586 709 mys
604 621 696 691 liora
717 624 833 692 tortia
853 621 906 692 M.

408 723 502 780 *rues
519 720 541 778 1.
559 739 585 793 p.
605 723 644 779 to.
662 724 709 778 au
727 723 862 779 rorum

180 823 388 898 arevslustI
411 839 560 895 nitente.
598 810 645 896 1οζ
669 815 947 896 Deidextcram.
989 837 1036 894 11.
1067 835 1175 894 etiu—
1232 867 1236 885 ι

99 924 213 984 dicem
228 926 471 1000 agnoscimus.
498 924 545 982 18.
566 937 767 998 sequamur.
791 921 841 982 25.
862 922 1050 998 processit
1064 919 1175 978 horae

62 1035 66 1046 r
100 1011 271 1070 circulus.
311 1009 361 1070 26.
385 1008 604 1085 paraclitus,
636 1007 759 1066 Nealius
782 1011 909 1068 correxit
931 1024 986 1086 pro
1009 1007 1173 1083 spiritus.

247 1343 250 1352 2
307 1290 416 1362 Nunc
437 1294 562 1360 sancte
583 1291 686 1361 uotis
707 1291 867 1379 spir-itus.
890 1290 896 1302 “
918 1291 963 1358 D.
1092 1353 1099 1366 ,

309 1393 391 1448 rues.
409 1391 431 1446 1.
449 1409 476 1462 p.
495 1394 535 1448 so.
553 1393 626 1448 sou.
644 1391 679 1450 u
699 1394 756 1450 aar.
774 1393 819 1448 rr
837 1392 970 1448 rerum.
1026 1466 1028 1471 Ι

183 1507 337 1565 Hincmar.
362 1504 399 1564 de
428 1523 487 1564 non
516 1507 594 1563 trina
622 1505 708 1572 Deli,
731 1525 759 1581 p.
792 1504 868 1566 52⁸:
913 1507 986 1564 item
1016 1523 1175 1583 percoctam

97 1593 205 1654 Sancti
228 1592 358 1670 Spiritus
380 1592 554 1666 alloquitur,
585 1611 667 1666 qoem
689 1609 745 1649 aon
767 1594 831 1648 sinc
852 1589 943 1650 Patre
965 1599 996 1649 et
1015 1592 1090 1650 Filio
1112 1608 1176 1650 csse

95 1679 305 1738 domomum
331 1677 417 1734 dicit:
452 1677 535 1735 Nunc
563 1685 663 1735 sancte
692 1679 773 1735 notis
803 1677 947 1753 Spiritus,
978 1695 1053 1736 onus
1074 1676 1176 1734 Patris

96 1780 162 1821 mm
186 1764 271 1822 litto.

187 1847 263 1908 cod.
287 1847 421 1922 Rhenou.
456 1849 523 1906 111.
554 1865 633 1906 saec.
660 1849 697 1905 X.
721 1847 958 1923 non-discrepat
984 1866 1002 1905 a
1029 1850 1178 1924 scriptura

94 1940 216 1994 nostra.
270 1933 380 1992 Glossa
405 1933 636 1992 Northuml'mica
664 1933 702 1992 ad
728 1933 847 1991 Rituale
873 1934 1074 1992 Dunelinense
1111 1929 1174 1998 (Ed.
1220 2003 1222 2010 Α

95 2019 298 2096 Stephenson
315 2017 407 2086 test)
424 2021 456 2077 lu
472 2020 555 2077 calce
569 2019 672 2094 hymni
687 2020 798 2094 legisse
813 2018 942 2076 videtur:
974 2025 1009 2076 et
1023 2034 1116 2076 nunc
1143 2021 1180 2074 et

94 2109 129 2164 in
152 2110 379 2182 perpetuum
401 2106 437 2161 cs.
460 2105 698 2163 Bouterweok
720 2103 871 2162 Caedmon
886 2105 909 2160 l.
931 2123 961 2178 p.
979 2101 1175 2161 CLXXXVII.

336 2213 367 2266 P.-
385 2213 431 2268 Oa.
451 2213 495 2267 Os.
513 2215 537 2270 2.
555 2229 663 2268 unum.
682 2216 706 2268 6.
724 2229 785 2282 per
804 2218 936 2294 sonent.

187 2325 300 2400 Hymni
321 2327 420 2384 Nunc
443 2333 583 2395 sancte,
608 2327 741 2385 Rector
762 2331 911 2402 potens,
934 2327 1063 2384 Rerum
1082 2327 1176 2384 Deus

94 2410 185 2471 haud
207 2413 407 2491 antiquissimi
430 2415 495 2471 aeri
518 2419 595 2472 sunt.
647 2413 751 2470 Prisca
774 2413 903 2470 ecclesia
925 2415 1045 2481 tertiae,
1076 2415 1178 2470 sextae

96 2503 129 2558 et
151 2514 254 2560 nonae
269 2498 362 2556 horae
378 2499 514 2558 attribuit
529 2499 737 2558 Ambrosiam:
760 2498 832 2556 lam
855 2501 974 2574 surgit
996 2499 1084 2558 hora
1107 2504 1177 2556 ter·

96 2585 164 2651 tia,
189 2581 252 2642 Bis
275 2588 397 2642 ternas
420 2585 529 2644 horas
552 2585 755 2659 explicans,
784 2585 852 2644 Ter
874 2586 971 2642 trina
992 2585 1082 2642 hora
1103 2584 1177 2641 vol-

97 2671 207 2728 vitur.
246 2668 388 2728 Fortasse
410 2675 534 2744 propter
554 2670 772 2745 longitudinem
797 2669 879 2728 horis
905 2669 1067 2744 minoribus
1094 2665 1178 2728 atiu-

102 2753 196 2812 dicati
219 2758 298 2810 sunt.

541 2853 602 2862 -ο-
613 2855 643 2860 ι..
656 2853 741 2860 --na-.-

479 2965 533 3034 Dc
556 2956 705 3050 Quarto
750 2967 803 3035 M.

169 3095 226 3168 Qui
248 3113 336 3154 amne
358 3114 436 3154 nunc
460 3095 626 3174 quadrifluo
664 3095 683 3155 5
707 3093 812 3160 Scelus
836 3095 951 3156 dimitte
972 3101 1134 3174 proprium,

169 3179 429 3268 Evangelistarum
452 3183 535 3256 rigas
705 3183 798 3240 Auser
820 3188 942 3258 tepores
963 3186 1115 3253 mentium,

167 3267 269 3326 Mundi
285 3273 450 3344 quaternos
472 3267 617 3334 cardines,
706 3269 878 3344 Omnesque
901 3268 1008 3344 dignos
1032 3269 1118 3328 effice

168 3353 253 3422 Audi,
269 3369 440 3428 precamur,
458 3353 618 3427 supplices.
706 3354 949 3428 Gompunctionis
971 3371 1102 3412 munere.

413 3473 528 3547 Corpus
550 3473 641 3530 libido
664 3491 723 3529 non
744 3477 840 3543 terat;

350 3557 389 3616 10
410 3559 477 3616 Non
498 3561 542 3616 ira
563 3563 694 3616 mentem
716 3557 873 3634 subrepat3

411 3645 552 3702 Iniormet
565 3649 675 3701 actum
695 3646 821 3713 veritam
865 3677 870 3688 ·

296 3780 301 3788 ,
413 3730 519 3788 Serret
540 3729 684 3805 pudorem
708 3731 841 3788 castitas.

483 4009 540 4080 oe
564 3989 704 4095 onata
749 4011 803 4080 m.

133 4145 219 4216 ‘Qui
242 4147 294 4200 tot
317 4139 401 4197 libris
423 4157 478 4215 per
492 4141 619 4216 Moysen
664 4143 765 4200 5Fao
786 4157 841 4200 nos
864 4146 893 4201 iu
916 4146 975 4200 tuis
998 4123 1125 4221 legions-
1248 4207 1250 4214 ,
1336 4193 1337 4204 .

160 4229 194 4286 ln
210 4243 325 4286 aarum
339 4231 469 4284 mentem
485 4229 622 4296 instruis,
705 4227 754 4284 Sic
775 4245 951 4302 permanere
975 4232 1133 4304 perpetim,
1198 4289 1200 4295 ,

142 4340 144 4346 ·
163 4311 245 4384 Quot
260 4311 403 4370 sensibus
418 4329 473 4369 nos
492 4315 625 4388 corporis
707 4311 772 4382 Quo
796 4317 902 4389 spiritu
925 4320 957 4372 et
979 4331 1104 4389 corpore

141 4439 144 4444 -
164 4398 250 4474 Regi,
266 4395 461 4471 Redemptor,
477 4399 655 4473 praecipis;·
705 4399 748 4456 Te
771 4403 962 4460 concinamus
985 4402 1109 4458 navita.
