2822 5026
608 448 655 522 81

39 591 58 662 ⁴¹
93 634 169 690 nario
191 607 601 706 Benchoriensi‘Hymrns
624 631 654 688 S.
678 629 823 688 Hilarii
846 629 890 688 de
912 631 1089 700 Christo,
1112 639 1156 690 at·

91 736 145 794 que
168 716 291 776 videtur
313 718 530 792 supplementis
552 719 926 786 nostriaconsentananm,
942 716 1053 774 addere
1068 735 1155 776 rene-

90 801 199 861 ra‘ndae
223 801 414 860 membranae
435 804 618 860 varietatem.

174 891 201 947 1.
241 887 430 946 fidelium
475 889 503 948 9.
542 889 811 946 concineutur.
860 889 906 946 16
945 887 1164 948 Gabrielir..

72 977 135 1033 ·11.
159 1003 263 1012 --
286 976 366 1031 eris
389 973 558 1030 credere.
593 973 737 1032 iheum
768 972 977 1048 23.aquam.
1007 974 1057 1032 24.
1073 991 1154 1032 mero

87 1061 280 1128 retentis,
303 1063 386 1116 recte
410 1061 520 1134 opinor.
545 1059 595 1118 27.
620 1057 900 1115 discumbente.
929 1059 979 1135 29.
1004 1057 1153 1136 quibus.

88 1145 134 1206 32.
159 1149 404 1221 grassantur
433 1145 671 1210 offerentes,
709 1143 789 1218 quod
818 1143 985 1218 recipimus.
1031 1145 1079 1204 33.
1104 1145 1153 1203 31.

87 1233 187 1288 omissi
213 1233 278 1287 sine
304 1231 430 1287 lacunae
453 1227 569 1286 indicio.
609 1230 657 1288 36.
682 1235 926 1303 grassantur.
965 1231 1014 1288 45.
1038 1231 1153 1288 Anna.

89 1313 275 1391 eoquod.
314 1315 363 1375 49.
389 1331 564 1389 surgens.
608 1311 845 1374 noviderec.
885 1315 933 1372 55.
959 1333 1063 1390 quos.
1097 1316 1152 1374 56.

91 1404 219 1458 ianuis
243 1402 404 1460 clausis.
428 1401 478 1460 59.
502 1401 710 1476 baptizari.
735 1399 784 1458 63.
810 1401 1002 1460 concinit:
1027 1419 1155 1476 sequen-

89 1489 124 1544 tia
146 1486 272 1547 desunt.
296 1485 346 1546 66.
370 1491 569 1544 canentes
584 1485 642 1562 67.
667 1487 927 1544 concinemus.
951 1485 1000 1546 68.
1024 1504 1153 1562 regem

86 1573 264 1629 saeculo
302 1571 352 1630 69.
376 1590 499 1648 quiin
522 1571 631 1630 illum
660 1577 770 1628 recte
794 1570 967 1632 creduut
1012 1573 1153 1632 ndneent

86 1656 277 1734 doxologiam
308 1644 453 1734 ἅμετροντ
491 1657 620 1732 gloria
656 1658 761 1730 patri
781 1658 986 1756 ingenito,
1024 1649 1153 1732 gloria

85 1744 314 1818 unigenito,
354 1743 467 1798 simul
498 1759 578 1798 cum
608 1747 745 1798 sancto
777 1731 896 1818 spirit
904 1761 923 1798 u
952 1744 988 1798 in
1018 1746 1152 1818 sempi-

88 1834 199 1884 terna
220 1828 395 1884 saecula.

120 1945 125 1974 ,ι
171 1911 260 1983 Quod
290 1911 328 1968 ad
349 1911 509 1978 Hilarium,
540 1911 756 1970 Pictaviensenr
786 1915 834 1970 rel
857 1907 1063 1970 Arelatensem
1089 1929 1153 1971 oar·

84 2000 168 2056 aunis
199 2003 371 2065 auctorem,
403 1999 476 2054 certi
506 1997 578 2074 quid
601 1999 696 2054 evinci
723 2000 833 2072 nequit.
878 1999 1060 2056 Muratorius
1082 2001 1100 2055 1.
1126 2018 1150 2056 c.

89 2103 114 2157 p.
143 2084 216 2143 125.
242 2085 278 2144 ¹in
308 2084 417 2156 hymno
447 2085 587 2140 maiorem
618 2082 769 2140 desiderat
798 2083 992 2158 elegantiam,
1022 2089 1055 2140 ut
1085 2103 1151 2142 eum

90 2169 195 2227 Hilario
221 2168 382 2225 adscribat.
426 2168 569 2226 Raubach
592 2169 614 2226 Ι.
630 2188 659 2243 p.
676 2168 732 2226 53:
756 2169 842 2248 hiere
864 2171 980 2244 Aapabe
1002 2171 1054 2230 hat
1074 2172 1153 2230 nicht

86 2255 128 2311 die
153 2257 310 2330 perinqstc
338 2255 448 2328 pciltipe
476 2255 641 2312 Auctoritdt
671 2255 724 2326 fiir
752 2255 821 2312 sicli.
867 2255 931 2312 Hoc
960 2273 1051 2314 unum
1080 2257 1151 2313 mihi
1256 2274 1259 2279 ·

84 2341 271 2415 exploratum
295 2345 350 2407 est,
373 2340 515 2412 hymnum
538 2341 648 2398 veteris
671 2358 739 2396 esse
761 2341 920 2414 prosapiae
944 2359 1106 2418 eorumque
1121 2344 1150 2400 in

84 2431 224 2482 cantuum
256 2443 394 2492 numero,
425 2427 475 2502 qui
506 2444 523 2480 a
553 2425 659 2499 priscis
691 2426 865 2484 Christianis
896 2429 924 2484 in
955 2427 1149 2488 conventibus

84 2511 270 2568 antelucanis
307 2509 516 2568 recitabantur.
563 2511 703 2577 Omnino,
743 2514 767 2568 si
802 2511 938 2569 carminis
975 2511 1150 2570 meditamur

83 2613 202 2654 versum
232 2600 267 2651 ut
288 2598 330 2652 ita
353 2595 449 2654 dicam
470 2597 663 2670 principalem
689 2615 727 2653 ac
748 2598 877 2672 repetita
907 2600 971 2656 vice
996 2615 1150 2656 reom‘ren·

84 2687 139 2739 tem
163 2679 322 2750 (Relrainh
347 2688 437 2739 ante
460 2683 584 2740 lucem
607 2683 754 2741 fratres
778 2684 1148 2741 concinamusllhri-

87 2773 139 2824 sio
187 2767 365 2833 Domino,
410 2769 689 2826 annunciamus
735 2768 933 2826 Christum
977 2771 1147 2838 saeculo,

88 2859 191 2926 sponte
215 2854 373 2912 memoriae
397 2853 572 2910 obversatur
590 2853 675 2910 locus
691 2853 785 2920 Plinii,
809 2851 911 2929 quod
926 2854 1149 2912 Christiani

79 2943 218 2995 essent
257 2937 370 2994 soliti
407 2943 512 2994 stato
551 2937 612 2994 dio
649 2944 739 2996 ante
775 2939 900 2996 lucem
937 2942 1148 2998 convenire

86 3024 318 3099 carmenque
342 3021 501 3080 Christo
530 3025 644 3100 quasi
666 3025 742 3081 Deo
766 3024 908 3083 dicere
953 3027 1058 3102 Neque
1082 3041 1147 3084 cum

87 3111 154 3163 nota
181 3111 220 3166 sit
251 3107 397 3165 ecclesiae
424 3109 672 3166 Britannicaet
642 3115 732 3186 atque
762 3109 937 3168 Hiberhicae
968 3129 1035 3168 cum
1057 3111 1147 3170 Asiae

88 3195 199 3251 minoris
232 3193 368 3251 ecclesiis
391 3194 595 3262 necessitudo
625 3195 803 3253 incredibilis
827 3203 874 3254 est
895 3197 995 3270 hymni
1026 3197 1064 3254 ad
1086 3217 1147 3255 mo·

26 3291 32 3300 ·
82 3282 243 3337 nasterium
265 3276 487 3338 Benchoriense
512 3281 657 3356 migratio

515 3405 716 3422 ------.b——..

351 3471 524 3562 Ηψιιιιιιιιι
546 3476 802 3564 Apostolos-nnn.
848 3474 887 3543 B.

503 3577 556 3630 Dio
574 3575 729 3632 Dominioo.

145 3684 304 3745 Precamur
328 3684 446 3744 Patrem
590 3743 594 3756 ,
677 3691 886 3748 Universorum

162 3772 278 3849 negem
301 3773 541 3848 omnipotentem.
619 3777 656 3834 ro
698 3777 800 3833 ronne
823 3777 908 3833 rubor
929 3777 1083 3852 lemnon,
1195 3761 1225 3838 ’,

163 3858 200 3915 Et
221 3859 328 3928 desum
350 3859 509 3928 Christum,
699 3863 915 3918 aethereorum

164 3943 305 4001 Sanctum
343 3961 464 4020 quoqne
500 3943 591 4020 spiri·
698 3947 735 4002 Et
757 3947 819 4004 orbi
841 3949 1011 4006 luoentium.

343 4033 429 4086 ium»
453 4032 588 4090 hlleluia.
689 4027 692 4046 '

109 4145 423 4207 theominen*
675 4152 916 4212 Hicenimdies
987 4224 989 4228 Α
1089 4175 1092 4182 ¹

87 4265 92 4274 ·
164 4233 331 4294 Portentum
353 4235 541 4294 substantia·
697 4239 787 4296 Velut
805 4241 1022 4319 primogenitae

166 4317 298 4378 Trinum·
300 4363 405 4376 .....
541 4323 543 4330 ’
615 4322 651 4380 15
696 4320 779 4382 Coeli
801 4325 838 4381 ab
861 4338 929 4383 aroc

289 4420 291 4430 ⁴
696 4407 797 4482 Mundi
822 4411 890 4478 olim
912 4412 1020 4472 micuit.

1284 3178 1303 3242 ὃ
