2772 5024
572 435 612 519 a

88 619 264 679 10111111
285 622 330 680 illi
349 624 446 696 impar
468 621 555 679 Anna
578 621 767 679 Continentia
789 619 939 695 gradiens,

136 705 223 776 Quam
243 709 272 763 in
293 709 367 764 flore
389 709 560 766 inventutis·
576 708 688 764 Coniux
709 705 893 774 viduaverat,
1008 713 1023 742 ⁴

134 793 301 867 Vagientem
324 793 482 850 confitetur
503 793 579 850 Fore
601 791 703 850 mundi
724 790 900 866 Principem.

133 911 250 986 impleta
273 919 321 969 est
342 889 460 988 piisoae
476 915 511 969 'in
534 931 570 970 eo
593 914 684 988 Legis
708 911 909 982 circumcisio,

132 997 285 1073 Utriusque
308 1005 342 1056 ut
364 999 549 1055 Testamenti
572 998 610 1055 Se
633 1003 786 1054 auctorem
809 997 989 1066 ostenderet,

79 1081 114 1138 ’15
132 1081 182 1151 Qui
201 1101 325 1142 manens
348 1086 377 1140 in
400 1085 545 1141 Trinitate
567 1083 713 1142 Universa
736 1083 886 1140 conderet.

133 1203 227 1260 Gloria
249 1211 280 1262 et
302 1205 399 1262 honor
420 1203 503 1262 Patri
525 1205 749 1293 quuequoque
771 1202 939 1262 Alassimo:
963 1209 1020 1260 etc.
1043 1231 1046 1238 ·

333 1433 425 1515 Aoni
443 1435 581 1518 ¹partitor
602 1431 761 1499 Domine.
804 1431 858 1499 M.

360 1533 393 1588 In
404 1533 553 1588 Dominioa
567 1541 633 1588 ante
642 1533 833 1602 Epiphaniam.

131 1647 204 1722 hgni
226 1649 347 1722 genitor
367 1648 501 1717 Domine,
661 1647 707 1703 Ne
720 1652 783 1702 'nos
806 1647 972 1722 relinquas,
995 1648 1128 1718 Domine,

132 1732 254 1790 Verbum
268 1738 373 1790 natum
387 1731 423 1789 de
438 1734 568 1808 Virgine,
662 1732 799 1788 Omnium
821 1731 957 1790 conditor
978 1736 1040 1811 pie:

133 1819 313 1893 Conceptum
336 1821 399 1875 sine
421 1822 541 1886 semine,
603 1819 640 1876 15
663 1816 814 1892 Propitius
837 1820 978 1876 miserere

131 1903 190 1960 Dux
204 1905 335 1972 luminis,
352 1910 382 1960 et
396 1905 461 1961 fons
477 1906 576 1962 Vitae:
662 1903 719 1973 Qui
744 1904 856 1960 nullum
881 1906 965 1978 cupis
989 1905 1129 1978 perdere:

97 2022 112 2078 5
131 2021 197 2080 Esto
219 2024 308 2081 nobis
330 2025 361 2080 in
384 2025 538 2080 salutem‘
664 2023 689 2079 Ο
712 2022 823 2078 Rector
844 2021 944 2080 mundi
963 2023 1097 2093 Domine,

131 2107 216 2168 Filius
237 2111 296 2166 Dei
318 2109 410 2166 Unice
665 2107 802 2165 Salvator
823 2109 989 2184 Unigenite,

133 2194 319 2252 Gubernator
340 2195 416 2252 Jesu
438 2193 565 2264 Christe,
663 2193 708 2250 Tu
724 2212 785 2250 nos
808 2213 826 2250 a
847 2199 943 2252 morte
965 2201 1101 2272 protege,

132 2279 176 2336 Ad
189 2299 313 2356 precem
328 2287 461 2338 nostram
476 2282 586 2355 aspice.
602 2280 643 2340 20
665 2279 712 2336 Ab
734 2281 859 2337 inimicis
881 2279 1002 2338 redime.

133 2399 163 2456 In
177 2401 320 2458 mundum
339 2401 424 2458 nobis
440 2403 550 2458 missus
564 2417 598 2460 es
664 2401 801 2456 Christus
824 2401 967 2458 Dominus
989 2402 1102 2476 vigilet,

16 2531 18 2564 ζ
85 2483 115 2540 10
135 2485 273 2560 Captivos
296 2492 524 2560 representare„
662 2485 812 2560 Fidesque
834 2491 938 2542 nostra
960 2489 1117 2561 germinet:

16 2627 18 2634 ,
132 2571 241 2629 Lumen
265 2575 365 2629 caecis
387 2573 558 2640 reformare,
665 2571 769 2628 Zabuli
792 2570 928 2628 discedat
950 2575 1107 2640 munimen,

131 2656 280 2716 Mutarum
301 2659 419 2732 linguas
443 2659 568 2716 solvere.
617 2658 618 2661 ’
663 2657 726 2714 Nec
748 2657 849 2714 valeat
871 2657 1034 2732 subripere.

246 2779 288 2839 25
310 2777 369 2834 Per
390 2779 495 2834 Jesum
518 2777 669 2834 Christum
689 2777 856 2844 Dominum,

313 2862 371 2933 Qui
391 2869 499 2938 regnat
522 2881 589 2919 cum
610 2865 674 2920 Deo
696 2862 786 2918 Patre

311 2949 349 3020 Et
372 2967 426 3006 nos
451 2948 586 3024 dignavit
609 2947 726 3017 docere,

313 3033 477 3093 Credamus
499 3037 529 3092 in
551 3035 704 3098 Trinitate.

502 3181 699 3192 -..ηοω-ιο-

323 3281 533 3348 illuminans
555 3282 762 3349 altissimas.
811 3281 877 3349 ΤΙι.

254 3383 338 3436 Thea.
356 3383 384 3444 Ι,
395 3400 421 3450 p.
441 3385 480 3435 19.
499 3383 571 3436 Add.
606 3383 639 3436 In
656 3383 813 3451 Epiphania
828 3383 950 3437 Domini.

140 3481 204 3536 Cod.
216 3483 341 3538 Rhenov.
361 3488 418 3539 111.
437 3501 510 3539 saec.
520 3486 559 3538 X.
579 3484 622 3554 (R.
639 3487 672 3552 1.)
690 3487 815 3540 Rhenov.
833 3489 873 3540 91.
893 3501 965 3540 saec.
984 3487 1023 3539 11.
1043 3485 1086 3554 (R.
1099 3488 1123 3542 2.

80 3545 188 3620 Monep.
196 3555 227 3606 75
240 3553 446 3621 (Rerohenauer
455 3553 504 3607 Hs
516 3571 565 3608 aus
578 3555 674 3607 demi.
683 3555 781 3607 Jahrb
790 3555 840 3607 Hs
851 3573 887 3608 zu
898 3555 1052 3608 Karlsruhe
1068 3571 1092 3608 o.

86 3614 130 3668 des
157 3621 195 3674 14.
212 3622 310 3674 Jahrh.
345 3621 395 3675 Hs
425 3639 461 3674 zu
483 3623 627 3690 stuttgart
654 3624 711 3676 101
739 3624 789 3676 de's
816 3623 971 3676 laisari.
1006 3621 1056 3676 Hs.
1083 3597 1139 3676 von

84 3681 256 3744 Cirtersthal
281 3708 317 3744 zu
342 3691 497 3744 Karlsruhe
517 3692 567 3744 des
588 3693 627 3744 15.
645 3691 741 3744 Jahrh.
769 3708 805 3744 zu
821 3689 1001 3744 Lichtenthal
1028 3693 1078 3744 des
1098 3694 1138 3746 la

81 3749 176 3819 Jahrh,
194 3759 299 3812 andere
318 3777 353 3812 zu
370 3758 550 3813 Lichtenthal
569 3759 619 3812 des
639 3761 678 3814 14.
696 3760 793 3812 Jahrb
812 3759 859 3823 M.)

157 3869 184 3927 7.
204 3871 243 3930 M.
267 3871 420 3972 quodam
441 3877 614 3950 tempore.
637 3875 680 3930 ita
648 3873 822 3930 tmembr.
845 3872 986 3930 Reichen.
1010 3891 1090 3932 saec.
1106 3875 1134 3934 9.

81 3947 111 4006 R
142 3956 166 4010 1.
195 3957 250 4014 sed
279 3961 352 4015 satis
381 3961 481 4015 ieiuna
511 3963 593 4015 esset
620 3965 730 4034 poetae
760 3961 888 4016 senten
881 3975 938 4016 ra
961 3959 1027 4016 Re
1008 3965 1136 4016 memus

83 4052 144 4095 cum
169 4043 330 4100 editoribus
353 4044 502 4101 Ambrosii
523 4043 676 4101 Benedict
656 4047 741 4112 trnis,
771 4045 805 4102 R.
827 4047 856 4105 2.
882 4044 1034 4102 codicibus
1057 4045 1137 4100 Tho·

82 4126 158 4180 masii
184 4128 383 4186 Alexandrino
414 4135 444 4187 et
472 4131 617 4187 Vaticano
648 4131 774 4206 aliisque
805 4130 980 4206 quondam
1014 4132 1136 4187 tertio.

83 4205 170 4267 Primo
193 4233 337 4273 conversa
360 4221 430 4272 sunt
418 4215 576 4284 tfluent‚a
601 4227 676 4273 cum·
690 4215 808 4273 Israelit
796 4222 845 4273 tae
867 4215 962 4272 Josua
985 4215 1060 4271 duce
1086 4217 1137 4270 llu-

83 4309 146 4350 men
163 4303 404 4382 pertransierunt,
429 4301 561 4358 secunda
582 4303 648 4369 vice
663 4301 812 4359 ,Iordanes
828 4301 909 4358 Eliae
932 4306 1022 4376 etque
1038 4299 1137 4356 Elisae

84 4380 155 4438 riam
173 4378 294 4460 aperuit
316 4388 345 4445 8.
360 4387 399 4444 M.
422 4370 619 4462 praesente
643 4389 800 4445 sacraris
824 4387 893 4456 die,
919 4391 950 4442 et
970 4391 1061 4442 reeta
1075 4385 1135 4456 19,
