2728 5028
7 715 8 720 ἵ
78 671 80 678 ‘
139 615 230 711 Mons
253 653 305 712 111.
328 675 357 729 p.
375 605 441 714 ι368
471 654 563 712 habet
591 643 734 730 hymnum
767 652 803 712 de
828 656 855 714 S.
880 657 913 714 0.
934 661 1024 716 trium
1051 666 1128 718 stro-

7 781 9 790 .
69 741 188 819 pharum,
214 757 260 796 em
273 739 382 816 quibus
403 743 507 815 prima*
521 740 684 798 coneordat
706 759 773 804 eum
796 759 888 816 supra
910 746 1030 820 scripta.

490 891 692 898 ...ψη-.-

340 965 480 1036 Christe
506 952 664 1038 sulcator
686 973 847 1038 omnium.

206 1098 208 1103 ·
314 1071 402 1130 Thes.
420 1069 442 1122 I.
459 1087 485 1138 p.
504 1073 562 1125 300.
596 1071 640 1124 De
660 1071 687 1125 S.
706 1071 879 1126 catharine.-

7 1197 9 1242 3
121 1183 239 1239 Christe
263 1182 395 1241 salvator
417 1185 555 1254 omnium,
656 1185 771 1259 Regina
793 1191 886 1260 gustu
906 1185 985 1266 fidei,

118 1270 266 1327 victorum
289 1285 360 1342 spes
385 1273 416 1326 et
430 1272 595 1343 praemium
661 1270 745 1327 chori
768 1288 891 1329 consors
915 1272 1058 1341 aetherei,
1101 1301 1103 1304 ·

7 1409 9 1432 ,
37 1399 39 1402 .
70 1405 80 1428 ,Χ
102 1353 229 1417 ,exaudi
251 1371 360 1428 preces
383 1355 551 1428 supplicum
658 1374 712 1430 pro
736 1373 884 1415 consensu
905 1357 1063 1432 Porphyrii

7 1495 9 1500 ,
118 1439 176 1496 hoc
201 1440 281 1496 festo
304 1444 335 1496 te
359 1435 527 1504 colentium.
594 1438 635 1500 20
655 1441 785 1516 palmam
808 1442 887 1500 subit
909 1445 1051 1518 martyrii.

7 1575 8 1580 ¹
83 1559 201 1628 bHaec
223 1560 311 1633 virgo
332 1559 433 1633 proles
455 1561 548 1634 regia,
657 1560 750 1617 Orare
773 1563 857 1636 virgo
881 1563 987 1618 sinitur
1040 1613 1048 1622 .

103 1636 313 1702 'contemnens
337 1644 437 1700 mundi
460 1645 579 1720 gaudia,
656 1638 743 1722 quod
752 1649 837 1720 petit,
859 1646 1041 1722 adipiscitur,
1077 1717 1080 1732 Ι
1103 1657 1112 1674 ”
1205 1674 1210 1681 ’

7 1739 8 1792 j
118 1729 274 1786 contendit
296 1729 506 1802 aducoelestia,
655 1749 726 1788 uam
748 1734 826 1795 omni
849 1734 931 1789 salus
953 1733 1088 1816 redditur

7 1803 9 1842 ³
117 1821 232 1890 martyr
255 1821 303 1874 est
325 1817 456 1890 egregia.
656 1836 711 1892 per
725 1835 813 1893 quem
828 1818 885 1875 hoc
899 1819 1008 1876 festum
1018 1821 1131 1893 agitur:

7 1969 8 1978 κ
78 1972 82 1978 1
116 1925 640 2010 HaecvirgoChristuminduens‚25
657 1936 810 1994 Cervicem
823 1937 959 2011 praebet,
983 1938 1126 2006 caeditur,

67 2021 98 2078 m
118 2027 251 2077 mentem
274 2020 380 2078 divinis
403 2021 548 2090 imbuens,
656 2023 718 2078 Lac
741 2025 796 2105 pre
816 2039 924 2080 cruore
946 2022 1087 2091 funditur,

118 2109 305 2182 argumentis
326 2107 484 2163 rhetoricis
656 2108 702 2162 Ab
726 2107 841 2182 angelis
865 2096 1022 2165 deducitur
1108 2121 1113 2126 ·

7 2179 9 2262 ἶ
116 2195 176 2250 vim
200 2193 270 2250 tulit
293 2192 474 2267 sophisticis.
656 2194 690 2250 In
711 2193 907 2251 monte'Sina
921 2193 1074 2266 conditur.
1155 2221 1168 2253 ·.

7 2325 8 2370 1
117 2313 194 2368 Nam
217 2309 307 2368 turb'a
327 2311 538 2386 philosophica
654 2313 740 2369 Nunc
763 2331 845 2388 ergo,
868 2313 956 2371 iudex
977 2313 1077 2388 hagie,
1138 2347 1140 2356 ν

7 2455 9 2474 ἦ
41 2408 45 2419 ’
118 2398 224 2467 credit,
249 2399 341 2455 vincit
363 2397 519 2466 Theorica
594 2397 634 2456 30
656 2417 711 2455 nos
734 2401 856 2474 virginis
880 2402 1021 2474 egregiae

42 2481 96 2544 ,15
119 2483 288 2540 succumbit
310 2483 483 2550 Dialectica,
656 2485 766 2540 festum
789 2487 923 2542 'colentes
945 2484 1035 2542 hodie
1062 2483 1079 2499 '‘
1112 2502 1115 2508 ’

7 2561 8 2640 ξ
118 2570 250 2644 elinguis
272 2570 309 2648 iit¹
327 2567 498 2626 Rhetorica.
657 2575 727 2626 tuae
748 2571 877 2628 reforma
893 2573 1023 2646 gratiae.

137 2689 230 2748 Mone
254 2687 304 2744 111.
327 2707 355 2762 p.
371 2687 442 2746 359.
466 2688 519 2744 Hs.
544 2705 580 2744 zu
600 2688 763 2746 Karlsruhe
787 2708 843 2748 von
863 2689 952 2749 1493.
996 2690 1030 2746 In
1052 2689 1127 2746 libro

7 2795 10 2820 ι
61 2770 175 2830 Ludeci.
213 2774 241 2832 6.
266 2772 393 2830 mundi
418 2791 442 2830 c.
467 2774 495 2830 7.
520 2775 761 2830 conscendit.
792 2775 820 2833 8.
845 2793 1003 2850 quaem.
1027 2792 1052 2830 e.
1080 2777 1127 2835 12.

7 2889 8 2916 3
61 2859 167 2916 tollit
191 2865 237 2916 et.
272 2858 319 2916 13.
343 2877 432 2914 mcx.
467 2861 514 2916 14.
539 2859 654 2916 cedit.
692 2861 729 2918 18
753 2878 809 2917 om.
833 2861 889 2917 iit.
928 2860 975 2920 19.
999 2879 1128 2918 cumc.

60 2943 180 3006 21—28
205 2946 324 3001 dmissa.
361 2944 411 3004 3⁰.
434 2946 605 3002 eximiae.

540 3113 557 3116 ...
561 3111 620 3118 «ῃ...
627 3111 651 3116 ..-
656 3112 692 3117 ...-

368 3207 452 3275 Iesu
475 3210 575 3275 dulce
592 3209 819 3277 medicamen.

343 3327 346 3334 ’
443 3334 448 3339 -
511 3311 556 3364 Ad
576 3309 678 3364 Iesum.

110 3421 304 3495 lesu,jdulce
322 3421 507 3480 medicamen
650 3423 728 3491 Iesu,
753 3420 848 3479 dulcis
871 3423 911 3480 mi
934 3423 1074 3492 salvatur,

7 3503 9 3562 ᾗ
112 3513 180 3564 estu
194 3497 518 3570 'cordis'cons‘olamen
651 3509 730 3566 orbis
752 3511 820 3582 pius
842 3515 1007 3582 reparator,

7 3587 9 3600 '
137 3595 262 3668 pietatis
285 3595 395 3668 gratim
594 3595 631 3653 it
677 3596 823 3670 quimira
846 3594 1003 3650 clementia

7 3681 8 3748 ᾖ
110 3681 220 3735 mentis
245 3677 284 3734 da
306 3679 552 3753 tranquillitatem
651 3697 760 3754 corpus
783 3685 866 3736 tuum
888 3666 1089 3758 venerendum

32 3809 36 3826 ,
78 3761 206 3839 batque
228 3781 337 3821 veram
352 3766 496 3838 pietatem
586 3760 614 3808 -“
651 3764 800 3822 tradidisti
822 3752 1031 3822 trucidandum

7 3911 8 3914 Ἴ
139 3851 192 3930 pia
215 3843 405 3906 cdnscientia.
454 3853 457 3860 '
680 3851 719 3918 ad
741 3851 838 3908 crucis
861 3851 1016 3926 supplicia.

112 3968 282 4042 Cogitatum
306 3969 486 4038 intellectus,
650 3971 837 4028 Potestatem
858 3969 1007 4045 praebens
1028 3973 1128 4046 pravis

111 4059 214 4130 motus
238 4071 357 4128 semper
380 4060 411 4112 et
433 4055 560 4112 affectus
597 4055 638 4114 20
653 4055 784 4112 laniandi
806 4056 938 4112 membra
961 4057 1053 4116 clavis

141 4145 196 4194 t'ua
217 4139 406 4212 providentia
453 4181 456 4188 -
685 4141 817 4220 dirisque
840 4141 1054 4208 verberibus·

56 4223 97 4302 iti
111 4225 301 4281 incessanter
322 4225 490 4294 foveantur,
652 4245 761 4301 corpus
786 4227 886 4284 sinens
910 4229 952 4282 sic
975 4228 1075 4294 artari,

111 4308 153 4364 ad
177 4313 208 4365 tc
231 4325 349 4385 semper
372 4310 538 4386 dirigantur
651 4317 685 4368 ut
705 4313 842 4370 valerent
864 4313 1013 4368 numerari
1121 4376 1125 4379 ,

141 4393 242 4452 cordis
265 4395 424 4454 desideria.
679 4413 750 4456 ossa
772 4414 840 4454 cum
861 4397 1016 4468 lateribus.
