2772 5024
590 401 654 474 m
713 455 717 472 .

235 583 367 658 pupillis,
390 584 475 652 rotis,
497 581 661 658 palpebris,
685 575 870 654 tautonibus,

237 670 345 744 gingis,
369 669 506 738 anhelae,
528 669 655 726 maxillis
678 675 710 726 et
731 670 875 728 saucibus.

173 786 212 845 45
234 787 389 856 Dentibus,
412 788 542 864 linguae,
565 787 641 857 (ori),
663 805 754 857 uvae,
778 791 902 865 gutturi,

235 873 412 948 gurgulione
436 879 467 930 et
489 873 660 950 sublingua,
684 876 802 943 ceruici,

235 959 357 1032 capitali
379 964 491 1027 centro,
515 960 691 1036 cartilagini,
712 1027 715 1039 =

234 1043 313 1100 collo
336 1044 467 1101 clemens
490 1043 596 1102 adesto
618 1047 763 1102 tutamini.

233 1161 347 1220 Deinde
370 1169 435 1220 esto
457 1164 550 1222 lorica
572 1165 722 1224 tutissima

167 1247 209 1306 50
231 1263 304 1323 erga
325 1246 466 1317 membra,
490 1266 564 1325 erga
584 1267 652 1307 mea
665 1251 791 1319 viscera,

232 1339 266 1389 ut
287 1332 425 1392 retrudas
448 1351 467 1390 a
487 1351 534 1392 me
556 1335 719 1394 invisibiles
776 1365 779 1376 ·

234 1415 340 1476 sudum
363 1419 474 1487 elavos,
497 1438 574 1495 quos
596 1421 693 1502 figunt
716 1419 850 1478 odibiles.

233 1536 316 1614 Tege
340 1555 421 1614 ergo,
445 1536 530 1607 deus,
553 1528 624 1596 forti
644 1539 738 1596 lorica

233 1640 301 1680 cum
323 1624 453 1698 scapulis
474 1623 615 1681 humeros
638 1629 669 1681 et
689 1623 821 1693 brachia,
841 1685 844 1692 ,

167 1707 205 1765 55
228 1711 298 1784 tege
320 1709 407 1766 ulnas
429 1727 497 1766 cum
519 1709 603 1766 cubis
627 1715 658 1767 et
679 1709 824 1778 manibus,

232 1811 360 1870 pugnos,
384 1793 509 1869 palmos,
533 1795 643 1872 digitos
666 1813 734 1852 cum
755 1794 914 1871 unguibus.

231 1913 315 1988 Tege
338 1916 454 1988 spinam
477 1919 507 1971 et
530 1921 645 1984 costam
668 1933 735 1972 curn
757 1916 890 1984 artubus,

232 2003 328 2074 terga,
352 1998 474 2057 dorsum
495 2017 665 2076 nervosque
692 2018 759 2056 curn
782 1989 982 2117 ossibus&

231 2088 302 2160 tege
325 2090 433 2154 cutem,
458 2087 633 2162 sanguinem
655 2102 723 2142 curn
744 2084 875 2154 renibus,
943 2119 944 2122 =

168 2167 207 2226 60
230 2163 406 2238 eatacrines,
430 2176 515 2228 nates
539 2189 606 2228 cum
627 2170 798 2228 femoribus.

230 2289 313 2366 Tege
336 2289 469 2365 gambas,
493 2307 573 2358 sura,
595 2290 757 2358 femoralia,

230 2391 298 2432 cum
321 2376 455 2450 genuclis
476 2376 607 2450 poplites
630 2381 661 2433 et
683 2391 790 2451 genua,

230 2464 302 2536 tege
323 2461 403 2518 talos
426 2477 493 2518 cnm
515 2461 594 2518 tibiis
618 2466 648 2526 et
670 2461 811 2529 calcibus,

232 2563 328 2615 arsura,
351 2545 446 2622 pedes
468 2546 637 2621 plantarum
659 2563 727 2604 curn
748 2545 879 2603 basibus.
979 2569 981 2572 ·

54 2731 58 2738 ¹
101 2663 108 2672 “
167 2663 204 2724 65
226 2665 310 2741 Tege
332 2682 432 2722 ramos
456 2671 686 2723 concrescentes
709 2665 810 2722 decies

231 2769 299 2808 cum
320 2752 493 2826 mentagriS,
516 2767 612 2825 unges
636 2751 722 2807 binos
745 2751 913 2826 quinquies,

229 2842 299 2912 tege
321 2842 438 2911 pectus,
460 2836 603 2912 iugulem,
625 2835 841 2912 pectusculum,

228 2923 384 2989 mamillas,
408 2922 593 2978 stomachum
616 2927 647 2980 et
661 2921 838 2978 umbilicum.

106 2817 117 2846 b

229 3058 312 3134 Tege
334 3063 478 3125 ventrem,
501 3058 628 3126 lumbos,
652 3058 803 3134 genitalia,

166 3141 205 3201 ⁷0
226 3144 325 3202 alvum
348 3148 379 3202 et
402 3143 501 3202 cordis
523 3143 635 3210 vitalia,

229 3234 298 3305 tege
321 3227 494 3304 triphydum
515 3230 597 3287 iecor
619 3233 650 3285 et
671 3229 730 3297 ilia,

229 3316 358 3385 marsim,
380 3315 540 3390 reniculos,
563 3314 690 3372 fethrem
713 3331 780 3370 cum
802 3313 920 3388 obligia.

230 3451 312 3528 Tege
335 3452 446 3518 coliem,
470 3451 624 3508 thoracem
648 3467 714 3508 cum
736 3450 885 3524 pulmone,

231 3551 322 3594 venas
344 3536 445 3605 fibras,
467 3535 508 3593 sel
531 3554 598 3594 cum
619 3536 810 3603 bucliamine;

167 3619 204 3680 75
225 3627 295 3698 tege
319 3639 448 3690 caruem,
471 3624 633 3698 unguinem
656 3639 723 3678 cum
745 3618 892 3686 medullis,

230 3709 363 3784 splenem
385 3709 528 3765 tortuosis
551 3725 619 3764 cum
640 3707 796 3764 intestinis.

188 3836 194 3841 ’
228 3845 311 3922 Tege
333 3845 473 3913 vesicam,
496 3841 615 3919 adipem
637 3847 667 3900 et
688 3847 795 3917 pantes

230 3931 429 4006 coqagiuum
450 3932 619 3988 innumeros
642 3928 776 3996 ordines;

229 4021 308 4092 tege
322 4017 400 4090 pilos
423 4020 515 4092 atquc
537 4013 668 4072 membra
689 4014 814 4088 reliqua,

165 4099 205 4158 80
226 4119 351 4177 quorum
372 4102 449 4159 sorte
471 4101 631 4174 praeterivi
652 4099 779 4156 nomina.

180 4293 185 4298 .
229 4237 311 4314 Tege
333 4243 430 4296 totum
451 4254 498 4294 me
521 4255 588 4296 cum
610 4237 741 4313 quinque
765 4235 900 4294 sensibus

230 4329 260 4381 et
282 4341 350 4381 cum
372 4322 476 4380 decem
498 4323 670 4382 fabrefactis
692 4321 815 4390 foribus,

95 4405 100 4416 “
139 4415 469 4484 carragineumnuv.
975 4410 992 4462 8
