2772 5024
628 379 692 452 163

356 550 605 638 Aportotorura
639 571 842 638 supparem.
900 555 965 622 Th.

377 653 461 735 Thes.
479 653 500 705 1.
518 669 544 720 p.
564 654 621 706 163.
656 653 700 706 De
724 655 751 706 S.
774 653 935 710 Laurentio.

206 767 245 822 Et
273 758 525 839 hunc'hymnum
555 765 591 822 ab
614 766 771 823 Ambrosio
802 767 951 823 eondItum
981 785 1049 826 esse
1071 771 1189 829 Monius
1217 770 1219 780 '

118 853 282 908 arbitratur
304 851 326 908 Ι.
347 870 376 926 p.
394 853 464 910 224.
497 851 617 907 Certum
641 858 687 908 est
710 869 828 908 carmen
852 869 1015 910 consonare
1037 857 1066 910 in
1088 858 1189 914 multis

119 955 188 993 cum
218 929 547 1013 opetibuslhmb'rosii.
594 937 622 995 6.
647 937 675 994 7.
706 939 750 994 De
774 937 858 994 offic.
882 939 1007 996 Ministr.
1026 942 1061 1014 Ι1,
1085 943 1135 998 41.
1158 961 1187 1017 p.

117 1023 169 1081 55.
186 1023 259 1080 Mox
273 1025 379 1090 uenies,
398 1025 470 1095 flere
485 1023 601 1089 desiste,
611 1031 688 1096 post·
697 1024 820 1080 triduum
835 1041 878 1079 rae
892 1027 1032 1096 sequeris.
1056 1026 1190 1086 29-26.

117 1109 158 1164 ib.
183 1109 213 1176 2,
238 1109 287 1168 28.
311 1127 342 1182 p.
368 1108 443 1166 104:
466 1109 669 1182 Iaterroqatus
691 1111 739 1165 uhi
761 1117 858 1164 essent
881 1110 1009 1166 thesauri
1031 1129 1103 1182 quos
1119 1131 1189 1187 pro·

117 1197 258 1260 miserat,
282 1194 409 1250 ostendit
424 1211 572 1268 pauperes
596 1193 709 1250 diceas:
738 1194 778 1250 Hi
798 1202 867 1249 suat
888 1195 1018 1251 thesauri
1040 1198 1185 1254 ecciesiae.

117 1280 161 1334 Et
183 1297 253 1336 uere
276 1280 421 1345 thesauri,
445 1282 475 1335 ia
498 1280 600 1350 quihus
626 1279 755 1335 Christus
777 1286 837 1345 est,
865 1281 895 1336 ia
915 1282 1017 1352 quihus
1037 1281 1112 1352 sides
1134 1290 1187 1339 est.
1255 1275 1257 1290 '

116 1363 256 1424 27--32ι
280 1364 318 1420 ib.
342 1363 365 1432 I,
388 1364 437 1422 42.
461 1382 489 1436 p.
515 1363 570 1422 56:
593 1367 720 1438 —ipse
744 1372 814 1438 post
836 1365 981 1431 triduum,
1002 1384 1074 1421 cum
1104 1369 1188 1426 illuso
1244 1385 1250 1390 ’

117 1458 245 1522 tyranno
268 1451 417 1524 impositas
432 1467 521 1524 super
536 1451 702 1506 craticulam
718 1457 861 1515 ureretur,
885 1450 987 1505 Assum
1011 1459 1063 1516 est,
1086 1455 1188 1529 iuquit,

116 1553 204 1592 versa
235 1544 265 1590 et
293 1535 439 1590 arandara.
484 1533 608 1607 Epistol.
632 1533 654 1588 1.
678 1553 713 1607 p:
731 1534 807 1593 939:
831 1562 874 1570 —
894 1543 1013 1591 sauctus
1038 1537 1069 1591 L.
1099 1539 1189 1608 factis

96 1622 266 1694 *probauit
298 1628 330 1676 ut
359 1621 439 1676 vivus
469 1626 644 1677 exureretur
674 1627 703 1675 et
728 1621 858 1690 flammae
886 1628 1035 1694 superstes
1064 1623 1189 1680 eliceret:

118 1724 204 1762 versa
226 1705 375 1760 manduca.
418 1703 523 1778 Neque
546 1708 645 1759 tamen
667 1706 770 1777 negari
792 1709 906 1778 potest,
938 1723 1027 1760 unum
1050 1707 1189 1765 eundem-

118 1809 178 1864 que
201 1791 315 1846 fontem
337 1794 440 1863 patere
464 1791 599 1863 potuisse
622 1789 778 1844 Ambrosio
802 1795 832 1845 et
856 1791 992 1846 carminis
1016 1795 1139 1848 auctori.
1240 1849 1253 1858 ,

380 1947 635 2036 Mysteriorura
657 1945 814 2033 siquifer.
863 1947 928 2014 Th.

309 2051 391 2102 Thes.
410 2049 431 2102 I.
450 2067 476 2116 p.
496 2050 552 2102 161.
587 2048 631 2102 De
655 2049 682 2102 S.
700 2048 838 2102 Mithaele
860 2051 1000 2116 Archang.

187 2151 348 2219 Monel.p
351 2153 424 2209 ,456
444 2166 485 2218 sq.
487 2151 628 2272 Squlnqu'e
647 2151 785 2204 codices
778 2151 900 2218 inspexit
924 2167 996 2206 saec.
1015 2153 1092 2206 XIII.
1112 2154 1187 2207 XIV.

119 2214 180 2272 XV
200 2219 263 2285 (Μ)
280 2170 485 2294 Stephenson(
474 2220 526 2286 (S.)

208 2331 256 2390 16.
281 2333 309 2388 S.
334 2333 481 2408 perlust
481 2337 544 2388 rut.
579 2331 625 2389 17.
650 2333 689 2388 Μ.
712 2332 918 2389 ascendunt.
898 2335 998 2392 618
1022 2333 1051 2390 S.
1075 2337 1185 2392 vocis:

120 2421 170 2480 24.
185 2417 224 2474 ·.S
249 2419 415 2474 occurrit.
438 2405 486 2478 32.
509 2419 549 2473 Μ
574 2424 773 2486 conserat,
796 2418 902 2474 besser
923 2420 1070 2476 inserat.

208 2505 234 2560 1.
255 2503 466 2577 Myania-:-
488 2503 638 2558 miracula.
662 2502 786 2580 Gregor.
810 2504 927 2559 Hom.
920 2523 949 2560 m
972 2522 1017 2561 ev
1041 2507 1070 2573 2,
1087 2507 1136 2573 34,
1154 2507 1185 2565 9;

121 2592 234 2665 quoties
255 2593 346 2646 mirae
369 2591 468 2646 virtut
458 2609 484 2646 ts
506 2589 618 2662 aliquid
638 2591 748 2662 agitur,
772 2590 897 2646 Michael
915 2592 967 2646 ruit
969 2593 1185 2665 tiperhihetur.

10 2733 13 2752 ,
121 2675 215 2736 9.10.
241 2675 403 2732 Doctorum
425 2692 461 2730 ac
483 2676 656 2748 pontificum
680 2675 919 2730 commemoratio
943 2679 1072 2732 aetatem
1087 2676 1187 2751 prodit

122 2761 275 2828 carminis,
306 2777 404 2834 neque
434 2759 507 2817 illud
534 2765 602 2816 ante
626 2775 704 2814 saec.
727 2759 774 2816 VI.
797 2759 845 2816 vel
867 2759 928 2816 VII.
953 2761 1096 2834 scriptum
1119 2777 1187 2818 esse

123 2845 261 2902 ostendit.
310 2844 356 2902 16.
384 2843 430 2902 17.
454 2845 488 2905 In
510 2863 568 2900 non
590 2844 679 2900 nullis
701 2844 783 2900 libris
798 2844 908 2917 *hymni
932 2843 1045 2912 divisio,

352 3003 611 3089 Archangelum
632 2987 757 3070 mirum
780 2987 950 3089 mochum.

384 3105 428 3158 De
442 3105 469 3158 S.
482 3102 626 3160 Michaelc.
645 3106 728 3158 Mene
742 3105 763 3156 I.
776 3123 802 3172 p.
817 3107 865 3158 415
882 3121 923 3172 eq.

183 3219 408 3295 Archangelum
429 3220 534 3276 mIrum
557 3236 618 3276 me·
717 3220 798 3275 Deus
822 3217 904 3274 dedii
926 3219 1104 3297 Michaelem

427 3323 527 3378 gnum,
546 3311 555 3316 “
719 3305 912 3378 principalem
935 3309 1097 3376 pastorem,

181 3390 361 3448 Michaelem
384 3389 515 3456 militem,
565 3455 567 3462 J
652 3389 695 3448 15
718 3389 792 3446 deus
814 3389 897 3444 illum
920 3387 1067 3444 ordinavit

182 3477 257 3532 miro
281 3475 398 3550 fulgore
420 3475 584 3550 fulgentem
719 3475 869 3530 hominum
892 3477 1101 3546 protectorem.

180 3577 359 3618 veneramur
380 3561 552 3634 principem.

145 3680 268 3738 5Beue
292 3679 393 3736 condIt
381 3684 443 3735 tum
466 3697 484 3734 a
507 3678 562 3734 deo
610 3675 614 3681 ’
719 3679 840 3734 Electus
864 3683 954 3751 utque
978 3682 1167 3734 constructus
1252 3732 1260 3738 .

184 3765 222 3822 ad
246 3783 406 3839 supernam
428 3763 562 3840 gloriam,
722 3763 830 3820 domiui
852 3761 1019 3836 prudentia,

180 3851 257 3908 bene
281 3854 514 3926 cognoscentem
536 3849 623 3905 deum
715 3849 818 3906 elevat
806 3853 854 3904 tus
878 3865 912 3904 ae
935 3848 1078 3906 formatus

185 3951 333 4011 suumque
357 3941 438 3994 creet
440 3952 529 3991 orem.
657 3935 697 3994 26
721 3934 768 3990 dei
792 3935 908 4007 sapient
909 3935 946 3989 ia.

185 4055 276 4112 Cuius
300 4057 371 4122 vita{
394 4056 477 4111 cuius
500 4056 604 4120 virtue
720 4053 799 4110 Furti
802 4052 903 4109 tudIne
925 4053 1033 4110 bellica

130 4139 164 4197 16
187 4141 270 4197 cuius
294 4145 392 4196 status
416 4139 540 4206 stabilis,
709 4139 926 4226 ⁶consternatis
943 4138 1068 4194 celebris
1153 4159 1156 4165 ·
1214 4198 1221 4210 ,

186 4227 269 4282 euius
292 4230 429 4300 potestas
453 4242 470 4280 a
493 4223 548 4281 deo
720 4241 774 4298 pro
799 4223 895 4280 salute
918 4221 1089 4296 triumphali

186 4327 295 4388 mugra
313 4309 505 4369 admirabilis.
719 4309 899 4384 humanique
923 4308 1050 4382 generis.
