2848 5030
722 407 766 486 u
865 411 867 423 .

292 597 383 660 Mons
402 598 426 659 l.
449 598 520 658 211.
562 598 652 674 Legit
672 598 706 656 V.
729 597 762 656 D.
791 598 822 654 ln
844 593 955 654 Codice
978 593 1188 658 smmum
1204 591 1282 654 ’ΒΕ

91 735 96 742 ,
210 687 342 745 titulum:
366 685 435 742 Eia
456 685 704 750 recolamus,
727 685 757 739 in
780 680 845 742 cod.
868 681 954 742 88C.r
978 681 1047 740 Eia
1069 681 1196 740 turbu.
1240 679 1284 736 ct

211 771 266 830 No.
290 771 317 831 2.
361 769 527 846 Utrumque
548 769 629 828 idem
650 767 737 827 valet.

298 1043 347 1104 lt.
373 1029 491 1115 [Nunc
528 1035 656 1100 raucio
692 1032 896 1098 solemnitas
930 1030 1212 1097 solemnitatum.
1240 1039 1284 1096 dn
1410 1055 1411 1128 ι

213 1127 453 1190 OctavaPascb.
468 1127 517 1184 vel
532 1125 569 1183 de
586 1127 615 1184 S.
632 1127 728 1184 Cruoe
742 1125 770 1184 S.
786 1125 1019 1192 B.Notkeri,
1043 1124 1138 1184 tituli:
1162 1125 1283 1200 Virgo

212 1205 398 1290 plorans)

297 1294 388 1357 Thes.
408 1297 445 1356 H.
467 1316 495 1372 p.
517 1295 568 1356 55.
610 1296 704 1354 Neale
733 1296 823 1372 Sequ.
860 1313 877 1352 e
906 1295 1021 1354 Missali
1056 1295 1119 1354 MS.
1150 1294 1284 1352 Guelfer-

213 1387 326 1460 bytano
348 1403 377 1458 p.
399 1381 454 1440 47:

187 1504 192 1516 ¹
238 1521 264 1580 l.
286 1519 369 1577 Haec
392 1523 440 1575 est
462 1521 568 1575 sancta
590 1517 774 1574 sollemnitas
798 1516 1039 1584 sollemnitatum,

236 1605 264 1665 2.
287 1603 434 1678 insignita
455 1602 605 1676 triumpho
629 1602 753 1659 Christi:

236 1681 353 1760 8.'Quo
376 1687 486 1746 devicit
507 1688 664 1762 imperium
684 1688 762 1744 sorte
783 1691 892 1760 potens
915 1685 1007 1744 Crux:

234 1776 264 1834 d.
287 1773 353 1844 Quo
375 1791 430 1830 nos
452 1775 590 1847 precioso
613 1775 759 1848 sanguine

141 1889 143 1894 v
235 1859 263 1920 5.
285 1860 329 1917 De
351 1878 390 1934 po
393 1863 503 1916 testate
524 1857 642 1916 Diaboli

234 1945 264 2006 6.
285 1943 456 2020 Redempti:
486 1961 557 2018 ergo
581 1944 694 2019 gratias
718 1959 842 2018 agamus
865 1943 976 2000 Nostro
997 1941 1197 2018 Redemptori.

235 2029 263 2089 7.
285 2029 349 2086 Rex
370 2029 487 2104 Regum
509 2029 627 2086 Christ
598 2028 813 2104 t‚Angcliois
836 2029 964 2086 choris
956 2045 1047 2106 iunge
1069 2029 1256 2087 famulantes.

235 2117 264 2176 8.
286 2115 378 2174 Vultu
399 2113 519 2190 placido
541 2115 706 2172 homines
698 2133 729 2172 ιιι
750 2115 810 2173 tuis
832 2113 972 2172 laudibus
998 2113 1119 2172 sedulos
1149 2116 1218 2190 pius
1240 2115 1284 2174 in·

418 2205 511 2258 tuere.

236 2285 265 2344 9.
288 2283 430 2356 Quorum
442 2284 587 2342 mortibus
610 2284 802 2344 condolens
795 2303 825 2344 m
847 2289 964 2344 tantum
985 2285 1105 2344 humilis
1128 2283 1228 2344 iactus
1249 2302 1285 2344 es

419 2376 453 2427 ut
474 2374 599 2436 mortem
622 2371 747 2429 subires.

215 2454 264 2514 to
287 2455 333 2512 Tu
356 2455 482 2514 devictis
504 2454 610 2512 inferni
632 2455 750 2530 legibus
773 2472 901 2531 surgens
923 2455 1098 2528 triumphas.

217 2541 263 2598 ll.
286 2540 332 2597 Tu
353 2546 425 2615 post
447 2541 573 2598 Crucem
594 2557 649 2614 per
672 2541 773 2598 orbem
796 2543 935 2616 gentibus
957 2541 1087 2616 imperas
1111 2559 1237 2609 omnem,

217 2625 264 2684 12.
286 2625 341 2684 Fili
363 2625 426 2684 Dei.

217 2709 262 2768 13.
284 2709 421 2770 Alleluia.
1203 2779 1206 2786 .

297 2795 326 2856 7.
347 2796 411 2856 MS.
432 2800 504 2872 post
526 2795 685 2872 Christo
706 2797 811 2854 inserit
832 2796 934 2866 lues,
958 2798 1021 2854 sine
1043 2813 1144 2856 sensu.

298 2881 416 2939 Titulus
437 2881 561 2950 indicat,
578 2899 695 2940 carmen
719 2881 824 2939 modos
838 2887 941 2940 tenere
958 2883 1160 2958 sequentiae:
1186 2881 1286 2952 Quid

213 2970 255 3024 tu
276 2968 391 3043 virgo
413 2972 538 3026 mater
559 2958 707 3041 ploras.

653 3146 849 3156 --——·--——-

298 3289 347 3348 47.
373 3279 528 3360 [Laudes
542 3282 713 3369 redempti
732 3278 874 3351 Christo
888 3283 1003 3350 corde.
1040 3293 1126 3352 Foris
1149 3292 1289 3354 Secunda

211 3379 282 3450 post
305 3375 451 3434 Octavam
472 3375 632 3433 Paschatis
655 3377 703 3434 vel
725 3377 808 3434 alias.
854 3377 975 3452 Optima
997 3382 1028 3436 ot
1049 3377 1176 3454 pulchra
1199 3377 1285 3438 SLB.

211 3459 392 3530 Notkeri‚
417 3462 511 3520 tituli:
534 3457 677 3529 Mater]
801 3521 806 3526 ,

297 3545 386 3607 Ther.
407 3548 443 3606 11.
465 3567 493 3621 p.
520 3547 588 3606 178.

266 3767 346 3827 18.
371 3756 463 3839 [Reor
483 3775 605 3840 reatem
625 3757 695 3826 Dei
717 3778 823 3846 ayne,
852 3757 925 3826 Leo
953 3759 1049 3826 ludo
1077 3779 1212 3846 mayoc.
1258 3773 1288 3830 S.

210 3851 316 3926 pulcra
338 3853 375 3909 de
398 3851 733 3921 Resurrectione‚
764 3853 845 3912 edita
868 3869 885 3910 a
907 3853 1038 3929 quodam
1059 3855 1186 3914 Domino
1210 3856 1289 3914 Con-

210 3938 342 3995 ventuali
365 3940 489 4013 antiquo
513 3938 587 3996 San·
574 3933 741 4010 Callensi]
854 4012 856 4016 ,

234 4091 259 4147 1.
283 4089 346 4148 Rex
367 4109 482 4166 regum,
505 4092 561 4148 Dei
583 4107 670 4166 agne,
693 4093 741 4149 leo
764 4090 839 4148 Iuda
860 4107 977 4168 magno.

230 4175 258 4234 2.
282 4175 385 4234 Crucis
408 4179 518 4235 virtute
540 4194 619 4234 mors
641 4179 775 4251 peccati,
812 4179 874 4236 vita
895 4180 1036 4247 iustitiae,
1059 4153 1135 4240 daus
1156 4181 1290 4238 fructum

411 4264 471 4319 iam
492 4263 566 4338 ligni
587 4263 630 4318 vit
632 4279 667 4319 aa
688 4281 744 4337 pro
760 4261 851 4337 gustu
874 4265 1026 4334 scientiae,
1049 4265 1197 4324 medicina
1220 4281 1289 4341 gra·

411 4337 481 4414 tiae,
504 4365 572 4422 pro
581 4349 686 4421 rapina
708 4348 831 4424 gloriae.
