2728 5028
16 732 19 810 1
42 699 44 703 ,

234 625 309 682 ννοΜ
330 624 382 680 mit
406 623 526 678 Tloomas
548 623 723 697 uereiuiqen.
769 624 829 680 Der
843 623 979 698 Eiupaup
999 623 1085 696 silleri
1105 623 1175 680 uach
1195 569 1281 698 elicto

236 709 381 784 Stroploeu
402 709 464 764 also
483 709 563 779 fort:
1038 714 1047 719 ·

297 829 369 884 Nam
390 829 417 883 si
439 825 552 900 quaudo
576 834 604 883 te
627 827 789 902 temptando
811 827 893 884 dirus
915 827 1002 884 draco
1023 829 1148 894 laeserit,

297 915 460 988 suspiranti
482 919 513 968 et
533 915 630 970 orami
646 915 700 987 pia
723 921 815 970 mater
836 913 940 970 aderit.
1010 971 1016 982 „

300 1031 430 1102 Quodsi
448 1033 529 1103 sorte
551 1033 651 1089 mortis
671 1012 775 1107 partae
799 1040 827 1090 te
849 1034 977 1116 vicinum·
994 1034 1114 1098 sautius,

298 1117 383 1174 orode
407 1123 508 1185 lumea,
532 1117 609 1191 quad
630 1124 756 1175 tutartau
773 1137 831 1193 per
853 1119 930 1175 illam
946 1119 1097 1194 suscipias.

299 1237 332 1293 Si
351 1244 384 1316 'te
405 1236 485 1292 doles
504 1237 588 1308 ferre
609 1240 697 1294 males
719 1239 868 1313 culparum
885 1239 1088 1312 prementium,

298 1323 373 1378 haue
389 1339 523 1396 precare,
547 1329 581 1378 ut
595 1324 718 1397 placare
733 1325 833 1398 possis
855 1325 917 1380 eius
937 1325 1037 1395 filium.

299 1441 370 1498 Nara
387 1443 536 1515 placatum
558 1443 621 1498 eius
642 1449 740 1500 uatum
763 1460 839 1500 uuae
859 1443 965 1498 labere
975 1444 1100 1518 poteris,

298 1529 325 1584 si
345 1527 426 1599 fideli
450 1533 546 1584 moute
565 1529 637 1584 coeli
658 1531 787 1601 reqiuom
810 1529 968 1601 repareris.

306 1647 393 1721 Virqo
414 1639 504 1714 Iesse,
527 1665 611 1720 quara
628 1663 770 1721 praeesse
791 1649 901 1706 ouuotis
922 1648 1032 1704 sanetis
1054 1644 1178 1710 (1:s0is)
1200 1647 1236 1702 oi·

693 1743 697 1750 ’
997 1732 1139 1798 reatibus,

298 1818 497 1902 suppleuere
520 1824 550 1874 et
570 1818 694 1892 implora
718 1819 787 1874 totis
808 1817 883 1874 llario
905 1818 1069 1876 uisceribus.

239 1931 251 2012 J
299 1937 383 1992 Hauc
404 1938 529 2009 require,
553 1955 628 2008 quae
651 1939 743 1992 leuire
765 1938 841 1994 solet
861 1937 949 1993 eorda
966 1938 1103 2003 tristium,

299 2030 395 2083 certus
418 2029 488 2088 esto,
512 2022 588 2094 quod
607 2024 648 2078 sit
663 2029 786 2096 praesto
808 2024 936 2080 coiisse
958 2024 1133 2096 repentium.

299 2141 379 2198 Haec
401 2143 503 2216 repiua
526 2142 560 2198 tle
582 2143 667 2198 ruina
688 2142 783 2213 faciet
803 2159 967 2215 resurqere⁷

299 2225 370 2283 liaeo
386 2227 522 2302 profecto
545 2234 573 2283 le
594 2227 704 2284 directa
726 2227 848 2285 deducet
861 2229 975 2300 itinere.

300 2346 369 2420 Ipsa
391 2347 494 2401 multos
516 2348 572 2400 iam
594 2348 722 2420 sepultos
742 2347 817 2419 feeit
837 2348 1021 2413 reviviscere,

300 2431 372 2488 leaeo
393 2449 509 2488 auersos
532 2437 561 2486 et
581 2433 744 2488 submersos
760 2439 861 2508 potest
881 2432 942 2489 Dea
963 2433 1094 2506 iuupere.

300 2550 397 2624 Ipsam
419 2569 491 2617 ama,
514 2550 647 2607 aliaue
669 2551 760 2607 clama
782 2551 878 2609 cordis
898 2543 1052 2618 desiderio,
1074 2599 1077 2604 .

300 2644 335 2692 ut
354 2643 499 2693 susteatet
518 2643 549 2694 et
564 2643 738 2711 praesentet
759 2643 787 2693 te
809 2637 891 2710 beato
912 2639 983 2709 filia.

306 2755 374 2812 Veri
395 2757 475 2823 solis,
495 2757 524 2814 si
546 2755 721 2824 laurealis,
739 2759 909 2833 perfrueris
932 2757 1046 2824 lamiae,

239 2847 243 2854 '
280 2841 354 2897 *lac
376 2841 492 2898 adiutus
514 2843 573 2898 eris
597 2847 677 2898 tulus
699 2843 734 2898 iti
756 2845 832 2898 oraui
850 2841 1015 2915 formidine.

301 2961 363 3016 Hoc
384 2961 555 3016 aedeacam
577 2968 608 3016 et
625 2962 776 3033 fatendum
798 2962 838 3018 ad
857 2963 994 3020 honorem
1015 2921 1133 3026 domiui,

248 3096 251 3104 ,
301 3045 379 3120 quod
397 3046 527 3112 subiecit,
551 3046 691 3120 quidquid
708 3047 790 3119 fecit,
817 3039 946 3104 Christus
967 3048 1054 3111 matri
1076 3049 1194 3122 oirpiui.

323 3164 389 3220 Nua
409 3164 481 3237 pell
501 3164 553 3220 der
577 3166 654 3222 Text
680 3169 733 3222 mit
753 3168 946 3240 contemplere
968 3173 997 3222 et
1017 3168 1127 3222 mirare
1147 3167 1224 3238 sort,
1250 3162 1291 3216 ivit

239 3251 284 3306 bei
305 3250 425 3330 periei,
455 3251 507 3305 ruit
527 3251 664 3308 marchen
687 3252 904 3308 abueiclleudeu
925 3253 1083 3319 Lesarteu,
1109 3253 1153 3307 bis
1177 3250 1232 3309 Str.
1251 3243 1290 3310 23,

238 3336 358 3410 uorauf
374 3337 404 3394 iu
426 3334 478 3390 der
499 3335 551 3392 Hs.
575 3336 622 3392 die
643 3337 829 3412 Eudstroplre
851 3337 903 3393 tier
931 3337 1057 3394 Vorreale
1071 3338 1175 3412 ¹folqt:

280 3473 371 3530 Pater
392 3473 472 3542 deus,
493 3475 539 3546 fili
561 3473 639 3541 deus,
664 3475 735 3531 deus
757 3476 832 3546 alme
853 3475 984 3548 spiritus,

275 3577 334 3634 per
355 3565 474 3616 aeterua
496 3577 548 3616 uos
568 3561 698 3634 puberua
720 3561 837 3616 saecula
852 3559 999 3616 diuinitus.

323 3643 457 3720 Explicit
472 3646 623 3720 praefatio
630 3664 641 3710 ;
663 3647 764 3718 incipit
784 3646 965 3718 soliloquium
986 3645 1204 3716 soliloquiorum

325 3747 348 3785 s.
376 3729 498 3787 Tltomae
520 3730 555 3786 de
576 3731 689 3803 Aquiuo
704 3731 918 3806 praedicatoris
940 3729 980 3785 ati
999 3749 1022 3786 s.
1046 3729 1173 3785 Mariam
1195 3747 1219 3784 o.

296 3881 298 3884 ·
323 3866 457 3938 Hieraus
473 3867 591 3940 leqiuut
611 3866 663 3922 der
677 3866 847 3940 eipeutliclre
866 3868 942 3924 Tecti
963 3869 1015 3924 ruit
1034 3867 1122 3939 Virpo
1145 3866 1223 3922 soloe
1243 3864 1291 3921 etc-2

238 3967 299 4007 ruas
327 3951 373 4007 bei
400 3952 506 4007 Dauiel
534 3951 580 4008 elie
603 3951 662 4007 Str.
686 3951 727 4008 24
756 3953 809 4018 ist,
841 3953 900 4008 urai
926 3952 996 4025 peta
1025 3953 1067 4008 lis
1090 3951 1155 4006 Str.
1170 3949 1217 4006 ·51
1234 3947 1292 4020 sori

239 4037 359 4108 uorans
381 4035 428 4092 elie
450 4037 535 4092 letzic
559 4035 683 4111 Stroplte
713 4027 758 4092 lei
779 4037 885 4094 Daulel
909 4039 988 4111 salpi
1016 4037 1076 4093 uad
1096 4033 1238 4092 abermals
1256 4027 1292 4084 dic

239 4121 440 4196 Eaasuopae:
461 4121 552 4177 Pater
574 4121 644 4178 deus
667 4129 729 4189 eta,
751 4141 784 4178 so
800 4121 867 4178 dass
882 4125 944 4179 also
959 4123 1049 4178 claruit
1063 4121 1117 4178 tier
1133 4129 1212 4177 erste
1228 4110 1294 4173 Tui

227 4207 291 4262 ‚cles
310 4207 417 4263 Teutas
437 4207 500 4263 sicli
521 4207 662 4264 selliesst.
700 4209 760 4264 Der
774 4211 873 4264 zueite
889 4207 1092 4282 iepiuatoltae
1114 4195 1294 4268 Uelerselrrisl

240 4295 294 4348 mit
315 4291 460 4349 Salutaris
481 4293 643 4359 stellaria,
666 4309 726 4348 roos
748 4294 793 4349 bei
815 4293 921 4350 Daniel
942 4293 1001 4350 Str.
1026 4291 1066 4350 52
1087 4293 1139 4359 ist,
1163 4288 1222 4347 uui
1239 4280 1296 4359 cili

240 4379 293 4434 mit
313 4378 418 4436 elieseru
438 4377 503 4449 fort
523 4377 566 4434 bis
589 4377 648 4434 Str.
674 4377 724 4434 62.
769 4377 867 4434 Duroit
887 4379 953 4435 lo'rt
974 4379 1026 4436 das
1047 4377 1122 4434 Luc
1143 4377 1189 4432 bei
1206 4364 1295 4430 ornei
