2848 5030
138 593 188 675 35.
208 591 244 652 ,Iu
263 591 371 666 poenis
394 585 504 649 talibus
527 587 598 647 dum
619 593 776 664 permanat
797 589 934 658 illaesus,
959 589 1118 648 eredentes
1141 593 1208 653 bar·

104 743 109 750 ,
297 731 301 746 ,
340 675 535 738 barinorum
557 675 683 734 laudant
703 675 769 732 Dei.
1164 733 1169 744 ,

143 764 188 822 16.
211 764 374 822 Victoriam
396 758 486 836 digne
508 762 648 835 martyris
672 759 780 818 deinde
803 764 899 816 tortor
921 762 985 818 linit
1007 778 1088 818 ense.

141 848 187 907 17.
211 849 260 906 Sic
284 848 420 923 spiritum
442 845 564 904 tradens
588 847 705 920 superis
729 845 838 902 domini
859 847 959 920 coepit
982 863 1050 902 esse
1074 848 1155 906 civis.

141 936 186 992 18.
210 933 268 992 Pro
292 933 377 992 nobis
401 933 538 1008 supplica
557 933 596 999 ei,
619 949 709 1006 quem
731 933 846 998 amasti,
870 937 982 1006 martyr
1004 931 1125 990 Christi.
1151 964 1153 966 ·

222 1053 312 1110 Mene
335 1049 384 1110 111.
407 1069 436 1126 p.
452 1050 515 1108 477
538 1069 555 1108 e
577 1050 642 1133 eqd.
667 1065 745 1108 saac.
768 1049 843 1110 XIV.
888 1051 1005 1108 Titulus
1029 1051 1209 1126 Sequentiae

137 1143 197 1197 est:
251 1138 426 1212 Captiva.
477 1136 558 1212 Apte
598 1138 736 1212 congruit
771 1153 837 1208 eum
870 1135 1032 1211 Sequentia
1069 1137 1223 1194 Summi·

137 1223 378 1298 triumphum
398 1225 515 1297 regis.

586 1355 776 1362 ...ῳ-,-

227 1531 294 1592 142.
319 1517 510 1604 [Summam
537 1537 752 1608 praeconem
782 1516 924 1588 Christ.
966 1525 1001 1586 In
1030 1529 1210 1596 Decolla.

138 1621 250 1680 tione
274 1619 301 1677 s.
324 1617 493 1710 Ioannis.
531 1600 1210 1688 11011111,11111;11ρ11111ο.76.]
1279 1663 1281 1669 .

166 1757 190 1814 1.
215 1755 367 1812 Summum
389 1768 569 1826 praeconem
592 1751 702 1809 Christi
725 1751 938 1808 conlaudemus
960 1751 1043 1819 laeti,

163 1843 190 1900 1.
214 1838 280 1910 Quo
302 1841 370 1914 ipsa
388 1840 504 1896 'veritas
526 1843 715 1912 protestatur
736 1837 878 1894 maiorem
900 1838 963 1894 fere
986 1839 1133 1896 nerninem
1226 1907 1229 1914 ¹

161 1927 189 1986 ³.
212 1927 247 1984 In
268 1926 346 2004 natis
370 1925 544 1998 gignentum
566 1930 668 1998 preter
690 1941 781 1978 unum
802 1923 952 1996 parthenu
967 1928 1052 1980 easta
1067 1925 1210 1999 genitum,

162 2014 190 2070 4.
213 2011 269 2068 Hic
292 2015 387 2066 matre
411 2009 460 2066 diu
483 2011 541 2066 iam
565 2009 658 2066 sterili
682 2007 780 2065 editus

162 2098 189 2156 5.
212 2097 279 2153 Non
313 2095 408 2153 solum
443 2097 521 2169 patri
554 2100 635 2151 muto
670 2095 819 2171 eloquium
851 2091 962 2162 reddit,
1002 2092 1056 2150 sed
1077 2095 1211 2168 plurimis

345 2178 494 2256 gaudium.
611 2245 615 2253 .
1118 2239 1121 2246 .

162 2267 189 2326 6.
214 2259 275 2324 s‘ed
298 2267 349 2340 qui
371 2265 408 2322 de
426 2267 510 2322 coelo
525 2260 633 2322 meruit
649 2265 801 2332 nominari,
825 2262 927 2320 uiuudi
942 2265 1047 2340 nequit
1061 2263 1211 2322 illecebris

344 2352 431 2410 infici.
473 2389 481 2410 1

162 2437 190 2498 7.
213 2437 360 2519 Innocens
385 2436 495 2512 degere
512 2438 561 2511 qui
578 2429 645 2492 crim
661 2435 821 2504 desiderat,
844 2437 919 2494 vitat
935 2450 1036 2492 omnes
1054 2435 1211 2494 execrandi

346 2524 487 2579 consortii
509 2509 616 2579 aditui.
757 2592 761 2604 .

78 2637 81 2644 ⁴
164 2611 191 2668 8.
214 2609 252 2665 Ε1
273 2608 354 2664 solus
379 2609 470 2664 solius
493 2608 652 2664 inhaerens
674 2605 729 2664 Dei
751 2607 864 2664 visibus

165 2694 192 2753 9.
216 2695 356 2767 Corporis
368 2687 499 2750 lubiicos
514 2694 600 2752 luxus
617 2692 759 2750 edomans
774 2709 892 2749 earnem
903 2691 1024 2766 Spiritui
1041 2693 1211 2770 subegerat,

147 2777 192 2837 10.
217 2779 472 2854 Severitatemque
496 2779 614 2836 sibimet
645 2779 784 2852 placitam
807 2781 916 2834 ceteris
938 2780 1098 2837 intentans.

146 2867 192 2924 11.
215 2857 302 2922 Otos
324 2863 363 2919 ad
385 2859 539 2942 scriptitat
563 2863 655 2921 corda
676 2871 763 2938 parat
785 2865 848 2920 Deo
878 2861 977 2922 verbis
1006 2869 1037 2920 et
1059 2859 1210 2939 exemplis.

147 2950 192 3008 12.
215 2951 271 3007 Hic
294 2949 372 3006 idem
402 2953 495 3006 maior
523 2950 641 3007 vatibus
673 2951 797 3025 equipar
823 2951 938 3024 angelis
960 2955 1088 3024 peccata
1111 2949 1212 3007 mundi

346 3035 500 3092 tollentem
523 3041 607 3092 notat
626 3027 732 3110 ‘digito

146 3121 192 3180 13.
215 3121 315 3196 thue
346 3121 386 3178 nil
409 3121 479 3178 boni
501 3121 617 3178 deforet
645 3122 773 3178 famulus
801 3119 953 3180 ,domiuum
982 3123 1077 3196 patris
1108 3124 1209 3196 superi

346 3195 470 3262 vocibus
500 3199 650 3280 proditum
684 3223 775 3282 super
805 3206 929 3264 sedente
958 3207 1070 3265 Sancto
1101 3207 1213 3281 Spiritu

348 3291 431 3348 coelo
454 3293 579 3349 mirante
603 3293 684 3351 lavat
706 3294 834 3350 flumine.
1191 3331 1195 3346 .

148 3378 192 3436 14.
216 3375 309 3448 Hunc
325 3377 416 3434 talem
439 3394 474 3434 ac
497 3363 612 3436 tantum
634 3383 792 3452 protervae
817 3379 961 3436 saltatrici
984 3380 1105 3454 exponit
1120 3395 1213 3454 prae·

346 3465 436 3519 mium
459 3465 602 3532 moechus
625 3482 676 3520 rex
699 3463 823 3521 adulter.

147 3549 193 3608 15.
215 3547 274 3605 Pro
297 3547 399 3617 dolor,
426 3567 481 3624 pro
504 3551 605 3617 nefas,
630 3549 675 3617 ⁴ah
698 3550 797 3606 scelus
821 3547 985 3605 inauditum
1009 3549 1075 3622 quis
1098 3553 1212 3606 tantum

346 3633 462 3691 facinus
494 3637 643 3710 cogitaret
664 3637 817 3709 umquam!

39 3760 41 3769 .
146 3717 192 3780 18.
216 3717 276 3780 Sed
298 3721 332 3794 tu
354 3719 474 3796 quidem
497 3721 608 3778 Christi
631 3737 725 3794 nepos
749 3721 870 3796 egregie
890 3715 992 3790 Matyr
1014 3717 1213 3785 memorande,
1274 3697 1277 3702 ’
1323 3693 1324 3700 ¹

147 3803 192 3862 17.
216 3804 382 3861 Praecurre
402 3807 460 3862 iam
476 3805 611 3881 gaudens
626 3807 733 3862 nuncia
755 3806 879 3862 mortuis
902 3805 995 3860 vitam
1017 3803 1187 3862 adventare.

111 3940 116 3948 .
147 3891 193 3948 18.
216 3889 340 3966 Nosque
363 3889 400 3946 de
424 3892 555 3949 tenebris
577 3892 638 3948 luci
660 3893 815 3948 restitutos
839 3889 911 3946 offer
932 3887 1059 3946 Christo.

228 4009 318 4068 Thes.
342 4009 378 4066 ΙΙ.
402 4030 431 4085 p.
454 4012 503 4070 58.
545 4001 817 4091 Transserip‘simus
848 4008 1054 4066 Ekkehardi
1091 4009 1214 4066 Maioris

144 4097 338 4172 Sequentiam
360 4114 377 4152 e
399 4097 474 4154 libro
498 4097 673 4156 San-Martii
694 4115 723 4172 p.
751 4097 827 4164 188,
850 4097 898 4153 eui
922 4095 1127 4170 suppeditavit
1150 4111 1216 4150 eam

143 4183 216 4239 Ven.
241 4180 348 4240 Greith
371 4199 388 4240 e
410 4183 515 4242 codice
539 4183 747 4240 San-Gallensi
770 4199 848 4238 saec.
872 4181 935 4240 ΧΠ.
979 4183 1069 4238 Mene
1092 4181 1141 4238 111.
1164 4179 1214 4237 46.

145 4262 211 4338 (Hs.
235 4282 272 4326 au
294 4267 445 4326 Miincheu
464 4269 541 4328 'Cina
569 4267 679 4328 14083.
707 4269 753 4326 11.
770 4267 887 4334 Jahrh.)
914 4270 938 4326 1.
955 4265 1216 4324 collaudamus.

145 4353 173 4409 2.
196 4357 444 4428 protestatur.
481 4355 509 4414 3.
533 4355 594 4412 Mc.
616 4345 771 4435 παρῖἲένῳ.
808 4352 835 4412 7.
860 4353 931 4412 Ood.
955 4352 1034 4410 Mon.
1059 4350 1215 4408 deserat:
