2822 5026
637 445 682 490 vn

204 598 260 664 Ab
283 598 495 675 illationibus
515 598 649 660 clicaeo
676 603 728 662 cat
752 615 795 662 ee
817 599 981 678 quaestio,
1017 617 1098 662 uum
1126 617 1199 679 ego,

116 703 287 762 remeius
308 701 411 762 totius
441 701 476 762 in
504 701 592 762 nicio
609 700 768 778 'ougeoui
798 705 832 762 et
854 701 1075 776 disceptandi,
1113 721 1199 782 quae

119 803 274 867 ommino
294 802 430 879 integra
453 807 567 866 essem
588 803 786 875 exhibenda,
823 819 909 880 quae
931 819 990 878 per
1010 804 1105 868 initio
1127 810 1198 868 tan-

120 910 233 978 tum,-
249 908 379 968 rectum
408 905 472 966 iter
499 903 621 982 ubique
652 909 787 966 secutus
810 906 883 966 sim.
925 905 967 966 Et
988 906 1043 966 hic
1064 907 1199 984 quitum

120 1023 191 1068 non
214 1005 332 1070 dubito
352 1007 514 1082 profiteri,
550 1022 617 1068 uun
640 1007 764 1084 ubique
792 1007 873 1068 illud
901 1006 984 1068 mibi
1007 1009 1199 1084 contigisse.

119 1111 186 1170 Per
207 1108 305 1170 initia
327 1107 481 1183 expedita
502 1112 581 1170 sunt
602 1109 708 1172 rauba
730 1110 883 1184 martura
911 1109 1076 1186 exempla,
1113 1126 1199 1187 quae

122 1210 292 1286 compicto
314 1209 439 1273 habere
463 1211 570 1286 quiris
592 1211 827 1286 hymnologias
841 1210 1013 1273 studiosus
1030 1206 1197 1274 desidera·

120 1313 179 1376 bit.
224 1310 280 1374 sio
301 1311 467 1387 permulta
480 1309 727 1388 Suppleroeutio
748 1313 864 1374 relicta
884 1317 988 1376 eraut.
1032 1313 1132 1376 Fines
1146 1329 1199 1376 ec·-

122 1414 334 1482 clcsiasticas
370 1413 601 1476 observantiae
636 1413 670 1478 in
692 1415 884 1478 uuiversum
917 1414 1085 1476 observati
1114 1419 1199 1488 sunt,
1293 1421 1297 1432 '

121 1533 192 1578 non
223 1519 339 1580 umen
370 1514 468 1578 auxie
502 1520 536 1576 et
557 1517 749 1597 urgentiora
777 1518 897 1578 auimo.
940 1517 991 1576 Ita
1012 1517 1199 1579 reverentia

123 1618 369 1696 antiquissimis
393 1617 554 1680 ecelesiae
577 1618 778 1682 carminibus
801 1619 891 1682 haud
913 1618 1126 1696 deneganda,
1163 1621 1198 1682 in

122 1719 339 1783 interioribus
362 1719 505 1782 socculis
527 1721 718 1782 necessaria
739 1720 824 1782 ratio
846 1721 960 1784 habita
973 1721 1096 1796 publici
1110 1721 1199 1784 fauo-

123 1823 171 1884 ris
186 1825 228 1884 et
251 1821 495 1886 aestimationis
518 1823 636 1894 offecit,
659 1827 696 1883 ut
716 1823 794 1884 hinc
816 1823 905 1885 illinc
926 1823 1053 1898 positos
1076 1823 1199 1887 limites

126 1939 288 2002 egressus
309 1924 384 1986 uim.
428 1923 539 2002 Atque
568 1924 603 1984 id
624 1925 762 1986 minime
795 1941 870 1986 oum
893 1923 1100 1988 dubitatione
1128 1924 1200 1998 soei,

125 2027 183 2090 ubi
202 2027 279 2090 fieri
301 2030 435 2102 poterat
453 2027 488 2088 iu
509 2027 652 2103 gratiam
675 2027 873 2100 caminum,
910 2043 995 2104 quae
1025 2027 1138 2103 populi
1166 2027 1200 2088 iu

133 2145 188 2190 ore
207 2129 388 2207 aliquando
409 2129 532 2190 unisse
554 2129 624 2190 veri
647 2128 755 2192 simile
777 2123 980 2200 videretur.*)

193 2275 223 2336 *l'
239 2273 356 2346 linibus
374 2288 426 2340 per
443 2273 554 2326 titulum
567 2271 713 2326 Thesauro
733 2273 855 2336 statutio,
875 2271 904 2326 id
923 2273 998 2341 quod
1017 2273 1072 2326 iam
1090 2275 1119 2326 in
1133 2275 1199 2327 tom,

123 2342 160 2396 11.
177 2343 287 2408 iactum
304 2346 356 2404 est,
376 2357 411 2394 eu
425 2357 542 2408 quoque
560 2356 707 2396 excessum
719 2343 841 2405 videtur,
858 2344 937 2410 quod
949 2357 1023 2396 nunc
1036 2342 1120 2398 etiarn
1131 2343 1200 2398 Bue-

123 2409 208 2464 viarii
227 2409 349 2468 Romani
366 2409 471 2478 hymni,
488 2414 556 2479 post
574 2427 675 2464 aunum
695 2412 761 2464 1500
778 2411 891 2473 inserti,
911 2412 1054 2478 multaque
1074 2412 1201 2480 exempla

122 2482 290 2546 poematum
314 2493 387 2531 saec.
406 2475 481 2530 XVI.
501 2480 529 2530 et
548 2477 636 2530 XVH.
655 2486 771 2546 recepta
794 2483 866 2530 sunt.
903 2479 1009 2530 Verum
1031 2479 1107 2531 inter
1131 2481 1200 2532 haec

122 2547 307 2615 potissimum
325 2550 391 2600 suut
402 2545 495 2600 ,muita
512 2547 644 2609 carmine,
663 2563 736 2616 quae
753 2547 902 2600 notissima
916 2547 1136 2616 gratissimoque
1147 2548 1201 2602 cir·

123 2616 334 2679 cumteruntur;
362 2618 391 2668 et
407 2615 483 2678 illam
498 2622 614 2734 guoque
632 2631 733 2670 novam
752 2617 861 2684 copiam
879 2617 1045 2683 hymnorum
1065 2617 1201 2670 ecclcsiae

123 2685 273 2736 Romanae
295 2683 424 2750 recipere
446 2686 495 2734 tan
517 2698 560 2735 cm
588 2698 644 2735 non
667 2686 701 2736 ab
724 2700 756 2736 re
781 2699 843 2736 esse
869 2683 961 2736 visum
987 2687 1038 2735 cst.
1074 2683 1124 2736 Ille
1148 2683 1201 2734 Vir

121 2753 251 2812 Doctus,
281 2751 330 2818 qui
348 2752 384 2804 de
402 2751 711 2805 Thesamoiudicium.
727 2751 839 2806 tulit-in
856 2751 1035 2806 l'Uuirers
1055 2753 1129 2806 leta.
1149 2751 1200 2804 No.

123 2824 181 2883 ta,
202 2821 270 2872 inde
289 2823 457 2888 cognoscet,
473 2822 564 2880 ¹verba
582 2819 851 2887 Prolegomenorum
870 2823 1044 2874 nostrorum:
1079 2823 1200 2886 spreto

123 2887 316 2942 Breviario
334 2887 497 2949 Romano,
516 2903 573 2940 nou
592 2903 625 2940 ex
643 2889 733 2941 nostri
753 2889 837 2940 animi
856 2888 996 2940 sententia
1015 2903 1044 2939 se
1063 2887 1201 2954 intorpre-

126 2961 223 3011 tatum
246 2971 326 3010 esse:
362 2955 422 3018 „Ge
446 2957 548 3010 travail
568 2957 664 3022 jusqu'
683 2957 699 3008 a
716 2957 831 3024 present
855 2961 899 3010 eat
923 2957 995 3010 douc
1017 2971 1142 3027 presque
1167 2971 1201 3008 en

128 3026 224 3078 entier
241 3040 296 3084 une
315 3039 419 3076 oeuvre
439 3025 473 3076 de
491 3024 630 3090 patience,
651 3025 685 3079 de
704 3025 824 3092 critique
839 3029 868 3078 et
881 3025 915 3076 de
930 3025 1137 3078 confrontation
1151 3025 1201 3076 des

127 3091 301 3146 manuscrits
327 3096 354 3144 et
378 3093 428 3144 des
451 3092 547 3162 lecons
571 3092 707 3145 diverses.
743 3093 821 3145 Nous
853 3109 973 3161 croyons
1002 3107 1056 3158 que
1081 3107 1129 3144 sur
1153 3107 1201 3144 ces

125 3163 224 3230 points
242 3176 315 3212 nous
333 3161 445 3213 auriens
464 3175 566 3213 encore
582 3160 598 3212 i
615 3161 707 3224 louer;
726 3163 889 3222 seulement,
909 3176 979 3213 nous
998 3176 1069 3213 nous
1084 3162 1199 3222 deman·

129 3233 236 3284 dercns
261 3229 401 3296 puurquoi
423 3229 553 3283 l’tditeur
577 3230 705 3294 professe
729 3245 766 3283 un
790 3230 891 3285 dedaiu
915 3229 939 3282 si
958 3229 1087 3296 complet,
1118 3233 1202 3282 etun

130 3298 235 3354 dedain
259 3297 308 3365 qui
333 3297 480 3364 s'erprime
505 3297 530 3349 si
547 3297 773 3364 luceniquement
790 3313 862 3364 pour
879 3297 905 3349 le
923 3297 1068 3350 Bre'viaire
1086 3296 1202 3351 romain.
1294 3343 1298 3362 ,

130 3369 260 3436 Spreta
282 3365 466 3418 Breviario
488 3379 628 3420 romono
651 3369 695 3418 est
717 3383 772 3420 une
795 3366 949 3420 excellente
972 3365 1070 3418 raison
1088 3369 1117 3418 et
1135 3381 1201 3418 cun·

128 3437 243 3490 eluente
264 3435 334 3488 dans
352 3449 398 3486 ses
417 3449 490 3502 yeuu
509 3449 574 3489 saus
594 3435 690 3497 doute3
709 3435 779 3488 mais
798 3449 869 3488 nous
884 3434 1013 3486 eusslons
1028 3431 1122 3485 desire
1137 3432 1203 3500 qu'il

128 3522 165 3558 en
184 3502 323 3570 exprimit
345 3518 381 3556 au
399 3502 489 3556 moins
511 3501 554 3554 les
572 3501 675 3554 motiie.
711 3503 789 3558 Nous
808 3504 922 3555 u’avons
940 3518 991 3568 pas
1009 3501 1149 3554 intention
1167 3501 1202 3554 de

127 3573 317 3626 uenator-mar
339 3585 374 3624 en
397 3569 511 3624 articles
535 3571 570 3624 de
592 3569 632 3624 ici
655 3570 697 3624 les
720 3571 861 3625 decisione
884 3569 1038 3622 litte'raires
1056 3569 1108 3625 des
1127 3583 1201 3622 com·

129 3639 264 3696 missione
286 3638 441 3701 romaines,
465 3643 494 3690 et
515 3653 586 3692 nous
611 3653 714 3692 sarnus
737 3639 854 3706 qu’elles
879 3653 910 3690 se
928 3642 1054 3706 peuvcnt
1076 3643 1204 3704 tromper

129 3713 193 3763 tout
205 3709 306 3764 autaut
317 3721 371 3774 que
382 3707 515 3768 d'autres,
534 3705 661 3772 lorsquil
678 3707 762 3774 s’agit
781 3707 816 3760 de
834 3707 862 3758 la
880 3705 1039 3759 correction
1057 3704 1092 3757 dc
1110 3708 1203 3758 tentes

124 3777 180 3845 -qui
198 3775 355 3834 u'ontaien
369 3775 409 3834 ,de
427 3775 582 3840 sacraque
600 3775 708 3842 l'ussge
727 3774 830 3842 auquel
843 3773 957 3842 l’Eglise
970 3775 1012 3828 les
1027 3789 1043 3826 a
1057 3772 1203 3840 eppliqute

125 3853 162 3900 et
183 3845 213 3899 la
234 3844 334 3911 pieuse
357 3843 497 3898 intention
517 3843 583 3896 'des
599 3846 728 3905 autenm
757 3843 828 3896 maie
850 3857 921 3898 nous
945 3843 1104 3902 l’avoucus,
1132 3857 1203 3894 nous

129 3929 220 3968 avons
248 3913 378 3978 tonjours
405 3909 554 3976 rumorque
582 3927 618 3963 au
645 3911 707 3964 scin
736 3912 772 3964 dc
796 3925 842 3964 ces
865 3909 1060 3964 commissions
1082 3913 1144 3962 tant
1169 3911 1204 3965 de

128 3982 247 4037 merce
265 3983 294 4032 et
311 3982 375 4036 taut
390 3979 427 4032 de
443 3993 575 4047 messe,
599 3993 654 4032 uuo
672 3979 756 4032 itudo
774 3979 799 4030 si
817 3978 1002 4046 approiondie
1020 3981 1123 4032 etune
1140 3993 1205 4032 ccu-

128 4050 281 4104 munnae
305 4046 473 4114 siparieite
497 4047 548 4100 des
566 4046 700 4102 mutieres
724 4047 839 4114 qu'ellcs
864 4047 1035 4108 de'cidaieut‚
1061 4062 1115 4113 que
1133 4062 1205 4103 nous

131 4133 237 4172 amcos
255 4117 389 4184 touquura
406 4115 441 4170 de
458 4115 486 4167 la
499 4115 586 4182 peine
605 4115 622 4166 i
637 4115 700 4170 leur
717 4112 843 4181 pre'fe'rer
861 4115 986 4168 d'autres
999 4113 1124 4182 temoign
1165 4131 1204 4177 es,

129 4191 162 4241 et
178 4187 295 4240 suriunt
311 4185 365 4246 (tes
383 4181 737 4256 remeianugosuxprimeo
760 4183 842 4238 d'une
860 4183 984 4236 certaine
1002 4184 1092 4262 iaqon.
1154 4199 1205 4236 ouo

246 4268 299 4308 ons
317 4251 393 4306 donc
409 4255 491 4306 notre
510 4249 620 4308 editeur
638 4259 655 4302 a
672 4250 781 4306 vouio'rr
800 4267 870 4304 nous
888 4251 954 4304 bien
971 4251 1089 4304 e'clarrer
1103 4265 1152 4302 sur
1164 4251 1205 4305 les

126 4269 284 4384 mdc
304 4318 550 4386 santprohatiou,
575 4322 609 4374 et
626 4319 641 4370 i
659 4335 690 4372 se
706 4319 864 4401 persuadeo
880 4321 983 4386 qu'uue
1001 4317 1067 4371 telle
1086 4317 1207 4396 autorite'

130 4409 147 4445 a
165 4406 248 4446 assez
268 4390 304 4444 de
322 4387 424 4444 ualeur
446 4402 518 4456 pour
535 4386 659 4451 moriter,
675 4387 763 4444 d’etre
782 4387 891 4444 dboutt
908 4388 945 4444 de
961 4397 1102 4450 ueuuqtn
1118 4384 1146 4436 la
1162 4400 1206 4438 re
