2728 5028
677 415 807 525 ,Μ

310 599 434 658 Aeterni
454 601 550 674 patris
564 583 677 656 'or'dim
782 599 823 658 25
847 597 872 656 0
895 600 969 656 mire
989 597 1189 659 redundantia

307 689 337 745 in
359 686 472 760 templo
494 687 579 760 virgo
603 683 750 753 conditui,
844 686 960 760 gratiae
981 683 1070 740 datae
1092 685 1208 760 virgini,

307 771 357 829 ubi
378 757 453 828 miri
468 770 624 828 dulcedine
843 787 902 846 qua
919 769 1032 827 ‘cuncta
1059 776 1129 826 sunt
1151 759 1292 846 fragrantia

244 859 285 918 20
308 855 537 932 contemplando
559 856 730 931 perfruitur.
843 862 873 914 et
895 860 983 931 grata
1004 873 1118 912 summo
1141 857 1253 913 numini.

308 993 442 1052 Orationi
465 992 566 1050 dedita
842 993 938 1061 Mens,
953 992 1064 1068 lingua,
1084 1009 1165 1061 caro,
1183 993 1291 1066 spiritus,
1351 1055 1353 1062 ,

309 1086 339 1138 et
362 1079 468 1138 divinis
492 1080 653 1155 obsequiis,
782 1078 822 1138 30
845 1074 961 1147 sensus,
986 1066 1121 1147 affectus,
1144 1079 1220 1135 actio
1352 1145 1353 1152 ἵ

308 1184 327 1223 a
347 1155 457 1223 mundo
479 1181 604 1240 prorsus
627 1163 729 1221 abdita
846 1165 973 1221 electam
999 1167 1168 1221 monstrant
1190 1163 1293 1226 coelitus

308 1253 423 1310 arcanis
445 1256 535 1310 vacat
556 1249 671 1308 studiis.
816 1253 873 1308 vte'
895 1255 1021 1308 matrem
1042 1250 1098 1307 Dei
1119 1249 1190 1308 filio.
1233 1323 1235 1328 Ι
1287 1259 1296 1266 “

551 1387 652 1444 Gloria
673 1385 726 1443 tibi
748 1386 881 1454 Domine,

548 1475 599 1548 qui
621 1477 709 1529 natus
732 1471 769 1529 es'
789 1471 826 1529 de
848 1474 972 1548 virgine,

547 1559 626 1616 idem
648 1575 770 1616 manens
793 1560 822 1614 in
840 1561 958 1614 numine

548 1647 627 1720 patri
650 1643 716 1716 cu'm
740 1649 845 1701 saneto
859 1645 995 1723 ¹flamine.

536 1907 657 1994 Pange
690 1909 808 1992 tmpus
836 1907 1025 1995 gloriosae.

278 2009 322 2065 De
341 2009 368 2064 S·
387 2009 540 2064 Gatharina
557 2009 591 2062 V⁴
609 2009 646 2063 Μ.
681 2006 890 2134 0ῐὲῗὲοέἔέΠὶ
908 2027 934 2078 p.
952 2008 1003 2064 210
1022 2021 1037 2062 e
1055 2007 1201 2062 Breviorio
1218 2007 1270 2076 Syl·
1300 2059 1303 2065 .

308 2209 412 2284 Pange
433 2209 537 2284 lingua
558 2209 708 2284 gloriosae
833 2209 906 2266 -Vox
937 2207 1118 2282 completur:
1156 2224 1221 2264 mox
1246 2205 1296 2262 iun·

310 2289 433 2370 uirginis
457 2289 647 2374 martyriumj
1087 2298 1173 2350 ctura

310 2399 445 2456 gemmae
467 2381 552 2438 iubar
573 2383 724 2456 pretiosae
780 2381 821 2442 20
843 2383 975 2437 rotarum
998 2378 1187 2436 dissolvitur:

310 2466 475 2526 descendat
496 2469 527 2524 in
548 2466 691 2534 medium
740 2461 743 2466 ’
844 2471 949 2523 astans
970 2465 1058 2522 molis
1082 2460 1253 2539 expressura

269 2553 287 2612 5
310 2558 344 2610 ut
365 2553 496 2610 illustret
517 2552 694 2610 tenebrosae
733 2591 738 2606 .
844 2551 949 2626 populi
971 2567 1043 2626 pars
1067 2553 1219 2608 sternitur:

310 2641 417 2696 mentis
438 2637 627 2696 domicilium.
838 2629 915 2712 pars
936 2637 1118 2712 baptismum
1139 2640 1297 2710 susceptura

845 2724 953 2798 virgini
976 2723 1174 2796 coniungitur.

735 2835 741 2860 '
772 2843 821 2902 -25
844 2842 917 2900 Fide
939 2823 1227 2898 fidensoooultam'

844 2931 929 3002 regia
950 2945 1014 2986 vox.
1031 2929 1151 2984 emicat!
1170 2977 1178 2996 „

846 3014 919 3070 deos
941 3016 1022 3087 regis
1046 3012 1196 3071 detestata

806 3146 809 3150 .
846 3099 997 3156 Christum
1019 3116 1123 3173 regem
1145 3096 1294 3172 praedicat:

846 3187 933 3242 tortis
957 3186 1091 3268 mammis
1112 3185 1242 3248 cruciata

783 3272 823 3330 30
847 3272 1075 3360 spe-*constanti
1098 3269 1221 3326 dimicat.
1260 3331 1263 3338 ¹

309 2794 399 2869 Virgo
422 2795 526 2871 poenis
549 2795 608 2849 iarn
630 2793 732 2848 attrita

309 2883 442 2936 rotarum
463 2877 597 2952 patibulo

243 3037 248 3044 K
309 2969 528 3038 praesentatur,
551 2965 738 3038 praemunita

250 3052 288 3110 10
310 3049 380 3107 fidei
404 3049 571 3124 signacu103

311 3135 497 3212 genuflectit:
522 3140 589 3192 orat
611 3137 653 3191 ita

311 3223 522 3278 circumstante
544 3222 664 3296 popula.

309 3394 349 3451 Ut
372 3395 528 3450 confirmes
556 3409 640 3466 spem
662 3397 780 3448 tuorum
844 3390 995 3447 Decollari
1018 3407 1085 3446 cum
1107 3388 1220 3446 iubetur
1351 3395 1353 3432 l

223 3521 233 3534 ,
311 3479 349 3537 etx
363 3479 506 3536 honorem
528 3479 663 3545 nominis,
759 3495 764 3497 ·
847 3481 940 3550 caput
962 3477 1048 3532 offert
1070 3474 1180 3549 gladio:

250 3564 287 3624 15
311 3570 342 3622 et
364 3565 458 3622 elidas
482 3563 678 3638 superborum
846 3563 922 3636 petit
945 3560 1000 3618 sibi
1024 3561 1198 3636 suffragetur

193 3645 196 3652 ¹
310 3652 370 3708 vim
392 3653 502 3709 uirtute
524 3651 661 3716 numinis,
848 3648 971 3722 virginis
995 3648 1120 3711 oratio:,

312 3741 424 3793 struem
431 3737 512 3792 Deus
526 3735 605 3791 hanc
620 3735 768 3808 lignorum
785 3732 824 3792 35
848 3750 885 3790 en
906 3732 1026 3788 defectu
1048 3725 1089 3789 ne'
1107 3726 1248 3788 fraudetur

310 3821 375 3878 ictu'
394 3821 499 3897 frange
521 3821 658 3878 fluminis.
846 3819 964 3892 palmae
988 3835 1061 3876 suae
1083 3816 1215 3892 praemio.

1222 3719 1226 3728 ,
1292 3715 1294 3724 ι

553 3941 647 3997 Huius
671 3943 701 3996 et
723 3957 777 3995 nos
800 3939 991 4013 imploremus
1015 3983 1019 3994 .
1044 3952 1045 3956 ’

552 4027 660 4084 devote
683 4024 836 4100 suffragia:

482 4179 490 4190 Ι
551 4116 666 4170 mentes
688 4112 731 4169 ita
746 4112 989 4168 conformemus·

491 4199 533 4258 40
557 4197 735 4256 Catharinae
758 4198 864 4272 gratia,

552 4289 586 4342 ut
606 4283 729 4358 reginae
752 4299 969 4358 conregnemus
1165 4286 1168 4290 '

551 4372 581 4427 in
604 4369 728 4428 coelesti
750 4370 855 4444 petria.
1202 4365 1209 4372 “

912 4449 918 4468 i
954 4447 959 4468 Ι
