2728 5028
562 625 622 694 Eo
645 627 818 694 castitalis
841 628 956 698 lilium.

230 721 235 730 ⁸
305 728 339 782 ln
356 726 502 781 Communi
519 725 642 780 Plurium
660 727 817 794 virginum.
847 728 893 780 Ex
909 727 992 780 Brev.
1009 728 1210 803 Aberdonensi.

251 909 256 914 .
289 857 333 914 En
356 857 503 914 castitatis
525 857 627 924 lilium,
821 857 997 914 Gaudentes
1021 859 1129 914 festum
1154 858 1261 914 colimus

204 998 207 1008 ,
243 957 245 960 ·
288 961 341 999 rex
362 944 510 1016 virginum
531 943 730 1010 sanctissime,
764 941 996 1000 lOsauctarum
1012 943 1123 998 Christi
1131 943 1276 1022 llirginum,

289 1035 322 1084 tu
346 1033 449 1084 custos
471 1025 642 1100 pudicitiae,
826 1045 904 1102 quae
926 1047 1002 1104 puro
1026 1027 1116 1084 corde
1138 1029 1277 1084 Dominum

290 1110 412 1169 fraudes
434 1113 547 1186 repelle
575 1111 760 1170 daemonum.
827 1119 949 1192 secutae
973 1119 1042 1170 sunt
1063 1115 1093 1170 iu
1114 1112 1272 1170 laudibus·

248 1267 267 1326 5
290 1267 336 1323 Tu
360 1267 451 1323 castis
473 1267 503 1322 in
525 1265 690 1323 visceribus
749 1313 761 1322 .
786 1266 788 1270 ’
825 1267 933 1324 Grates
955 1271 1115 1340 precantes
1139 1268 1259 1341 agimus:

289 1353 418 1426 placaris
442 1349 645 1408 devotissime:
825 1369 967 1420 erramus,
990 1355 1068 1411 viarii
1091 1349 1201 1426 dirige:

290 1443 408 1494 nostras
430 1441 532 1492 reatus
556 1433 634 1492 dilue
763 1437 800 1494 16
823 1443 856 1494 tu
878 1437 969 1496 Pater
990 1437 1194 1512 indulgentiae

264 1546 266 1556 .
291 1522 440 1580 dimittens
466 1538 542 1596 quae
557 1522 757 1596 peccavimus.
823 1523 917 1591 nobis,
934 1539 1126 1598 quaesumus,
1144 1539 1279 1579 succurre.

315 1643 361 1700 16.
385 1643 404 1698 1.
430 1658 522 1698 succ.
545 1613 622 1696 nob.
646 1658 766 1716 quaes.

384 1899 468 1972 'Gerr
489 1905 643 1970 mundus
665 1904 787 1970 militat
808 1903 874 1970 eut
896 1925 992 1972 oona
1009 1899 1133 1990 pluria.

404 2009 407 2012 ’
448 2005 538 2082 Thes.l
551 2003 572 2057 Ι.
590 2021 617 2072 p.
637 2005 693 2059 379.
729 2004 773 2059 De
793 2010 953 2074 contemptu
971 2007 1075 2059 mundi.

312 2127 411 2192 Prima
431 2136 497 2194 vice
521 2152 639 2191 carmen
662 2133 741 2202 (cnm
763 2137 828 2192 aliis
851 2135 985 2192 eiusdem
1007 2137 1175 2210 argumenti
1192 2153 1284 2192 conso·

227 2220 347 2287 clatum]
379 2221 433 2278 sub
462 2219 605 2289 Bernardi
636 2221 751 2279 Olarev.
779 2225 896 2278 nomine
926 2212 1068 2294 exousfim
1097 2227 1144 2278 est
1173 2221 1284 2278 Parisiis

229 2307 310 2366 1496
340 2323 394 2380 per
421 2306 591 2362 Felicem
620 2307 836 2382 Baligault.
880 2306 973 2364 Porro
997 2307 1053 2363 sub
1075 2306 1221 2363 Bernardi
1241 2323 1285 2362 no.-

227 2395 304 2466 mine
332 2392 497 2466 publicavit
518 2391 745 2448 Bernardus
768 2393 993 2448 Bauhusius
1022 2395 1052 2448 in
1074 2391 1206 2467 Pergula
1234 2392 1284 2465 spi·

192 2479 196 2482 ’
227 2477 344 2534 ritualis
371 2476 526 2558 ¹melodiae
556 2478 708 2551 Antwerp.
741 2477 829 2536 1627.
864 2478 944 2537 1630
974 2477 1055 2551 apud
1083 2479 1287 2551 Hieronymum

226 2562 408 2622 Verdusscn.
430 2561 544 2618 Dehinc
568 2563 735 2619 Carolus
759 2563 802 2619 de
824 2563 944 2620 Visc'h
965 2566 995 2620 in
1009 2563 1199 2620 Bibliotheca
1219 2559 1287 2618 sori·

226 2645 453 2724 piorum·Sacri
476 2647 595 2704 Ordinis
612 2648 819 2704 (listeroiensis
842 2655 898 2705 eto.
923 2649 1064 2706 Coloniae
1087 2648 1168 2707 1656
1191 2650 1289 2705 iterum

228 2735 256 2792 S.
272 2733 424 2794 Bernardo
441 2733 543 2802 tribuit
558 2733 714 2806 rhythmos
730 2753 758 2807 p..
774 2735 899 2793 45—48
916 2751 1056 2806 excusos:
1081 2733 1106 2790 O
1122 2721 1290 2790 miranda
1335 2741 1340 2750 “

226 2818 430 2888 vanitas*)‚
454 2821 521 2875 Dio
544 2820 653 2875 homo
678 2837 744 2875 cur
766 2819 962 2886 abuteris,
987 2821 1075 2877 Cum
1098 2821 1151 2876 sit
1174 2820 1290 2875 omnis

226 2905 337 2962 holmo
359 2906 521 2961 foenum.
560 2905 696 2980 Denique
720 2922 754 2961 ex
770 2904 881 2963 Vischii
896 2905 1083 2962 Bibliotheca
1104 2905 1291 2962 Mabillon
1313 2954 1315 2960 ,

109 3054 115 3059 ,
227 2993 358 3049 carmina
378 2992 409 3047 in
425 2989 453 3046 S.
468 2990 612 3046 Bernardi
635 2989 794 3048 editionem
815 2992 1028 3065 transscripsit.
1126 3032 1128 3035 ψ

204 3152 207 3158 .
256 3149 257 3152 η
311 3111 353 3167 At
381 3127 452 3168 vero
489 3112 602 3167 interea
638 3081 728 3167 alium
765 3113 901 3168 carminis
932 3117 1091 3182 *auctorem
1117 3107 1293 3186 designavit

226 3195 608 3272 LucasWaddingus
624 3198 654 3254 in
669 3184 834 3253 Annalibus
850 3197 1006 3265 Minorum,
1031 3194 1292 3252 dicoIacobum

228 3280 272 3338 de
290 3273 541 3338 'Benedictis
586 3280 768 3357 Adstipulati
792 3287 860 3338 sunt
876 3281 1042 3356 Waddingo
1058 3282 1248 3338 Wharton
1267 3279 1293 3333 in
1332 3355 1338 3362 ·

227 3365 402 3442 Appendice
424 3366 463 3423 ad
485 3368 595 3424 Histor.
620 3368 690 3424 Litt.
713 3367 747 3436 G.
773 3367 890 3426 Cavoi
911 3387 940 3441 p.
963 3368 991 3426 5.
1014 3367 1051 3434 6.,
1072 3367 1211 3424 Matth.
1234 3359 1291 3421 RaL

227 3452 344 3510 dorus
366 3455 396 3509 iu
419 3451 563 3510 Viridario
587 3453 776 3522 Sanctorum,
799 3448 981 3530 Mohn'ilre
1003 3453 1159 3534 (Kirchen-
1180 3451 1244 3510 und
1263 3449 1292 3504 li·

227 3538 489 3596 terarhistorisohe
513 3537 637 3596 Studien
659 3539 721 3594 und
742 3538 973 3613 Mittheilungen
995 3557 1024 3612 p.
1049 3539 1110 3598 375
1134 3538 1227 3614 sqq.):
1256 3534 1293 3590 lis

225 3628 267 3682 ist
287 3627 349 3682 dies
370 3625 443 3683 Lied
462 3641 537 3698 qaae
559 3628 589 3681 in
612 3625 673 3680 dom
697 3625 787 3681 Sinite
809 3625 859 3681 des
880 3625 1041 3700 Joooponus
1061 3624 1218 3699 peritomen
1241 3617 1295 3678 aad
1350 3609 1352 3626 '

227 3711 274 3768 ioli
290 3705 372 3785 tra'pe
387 3711 455 3768 Iccio
470 3710 648 3778 Bedealcea„
661 3729 692 3766 es
708 3729 823 3767 anserm
838 3711 958 3767 Dichter
980 3712 1155 3784 beizalcyea.
1179 3704 1293 3780 Trench

228 3813 257 3869 p.
276 3797 350 3855 244:
373 3795 553 3884 Iacobusde
568 3796 744 3864 Benedictis,
767 3815 801 3852 or
814 3779 974 3870 familiarly
988 3797 1141 3872 Jacopone,
1166 3793 1293 3853 tonica
1349 3757 1352 3896 ἶ

228 3926 390 3936 *ψῃ
399 3929 431 3938 ,.,
912 3928 916 3940 ,
1031 3939 1034 3942 ,
1350 3901 1352 3986 y

119 4052 121 4056 ¹
296 3989 319 4054 'l
339 3988 391 4042 Oui
408 3989 480 4042 male
498 3991 628 4044 adsutum
648 3995 692 4044 cst
710 3995 822 4044 carmen
840 3994 967 4048 nostrum
986 3988 1052 4044 cur
1073 3967 1219 4043 mundus
1240 3981 1294 4038 mi·
1350 4001 1352 4060 y

226 4056 317 4112 litat.
354 4057 399 4110 Du
412 4057 493 4110 Meri]
512 4059 626 4111 Poo'sies
645 4059 805 4127 populaires
823 4059 925 4112 latinos
945 4059 982 4112 du
999 4074 1102 4127 moyen
1120 4059 1174 4132 eigo
1193 4073 1220 4124 p.
1236 4053 1293 4132 145²
1350 4067 1352 4144 y

187 4167 189 4172 .
227 4124 268 4178 De
285 4124 371 4188 Visula,
389 4123 515 4188 Mabillon
533 4131 558 4178 et
570 4126 703 4196 leysery
720 4131 764 4180 ont
781 4129 856 4180 renat
873 4143 907 4178 aa
924 4129 1023 4180 second
1032 4126 1129 4196 podme
1146 4141 1209 4180 saus
1224 4122 1295 4190 forre
1350 4149 1352 4194 y

206 4196 353 4250 ‘attention
378 4195 470 4261 poete
488 4209 503 4245 r
538 4195 607 4248 ttmc
625 4198 666 4248 est
683 4195 816 4263 different,
835 4197 951 4262 putoque
973 4198 997 4248 le
1008 4197 1131 4266 premier
1146 4185 1295 4248 hemiolion
1350 4197 1352 4258 l

226 4262 267 4331 a'y
285 4277 302 4314 a
319 4279 370 4330 pue
387 4263 431 4315 six
449 4263 515 4329 sylla
533 4277 561 4314 es
579 4278 614 4315 aa
632 4265 683 4316 lieu
701 4265 733 4314 de
750 4269 815 4330 sept.
846 4263 917 4315 Celte
935 4279 1030 4316 errcur
1048 4268 1089 4316 est
1107 4257 1294 4325 desumptus
1350 4271 1352 4308 i

214 4331 336 4396 -etraape
354 4345 404 4398 que
415 4329 517 4398 leyser
535 4331 580 4391 dit,
592 4346 622 4399 p.
634 4329 697 4391 422,
716 4333 839 4388 avoiraa
857 4333 923 4401 duas
941 4335 967 4384 la
980 4331 1152 4399 bibliotheque
1164 4331 1197 4382 de
1210 4323 1294 4379 (Aco-
1350 4311 1352 4362 l

209 4399 311 4454 Mmie
329 4399 362 4452 de
378 4397 479 4452 Juliers
496 4413 531 4450 aa
548 4413 594 4451 ms.
614 4400 657 4466 qui
675 4389 805 4452 contenar‘t
821 4401 965 4455 seulement
982 4401 1008 4453 la
1026 4402 1139 4454 seconde
1149 4397 1249 4468 partie.
1280 4459 1286 4464 ,
