2904 5028
307 595 348 697 κ’
416 633 489 700 uu,
512 631 702 690 sacerdotum
725 631 818 688 docus
837 636 933 706 ¹atque
955 633 1058 699 forma,
1127 657 1135 667 ·

375 719 532 778 infactus
556 735 588 774 es
612 717 683 774 cleri
705 718 868 791 populique
891 733 1006 777 norma:

431 811 461 860 et
484 801 565 878 quod
588 807 707 862 externe
727 807 782 858 ‘tua
804 819 861 862 vox
883 803 1032 871 mouebat,

534 890 596 945 vita
619 887 755 951 docebat.

431 991 530 1065 Larga
552 989 695 1064 mendicis
719 987 797 1046 dona
820 991 980 1068 contulisti,

319 1087 335 1124 ·.
430 1093 485 1150 pro
508 1077 563 1132 uei
587 1073 669 1132 cultu
691 1059 796 1132 sortus
819 1076 900 1132 fuiss

375 1162 411 1218 15
435 1177 504 1218 aere
527 1179 586 1217 non
605 1177 701 1237 fflrvo
724 1157 869 1216 fabricare
894 1161 990 1218 claras

516 1247 664 1326 *Numinis
687 1263 764 1303 aras.
824 1243 827 1248 ‘

409 1349 516 1404 ‘Nune
538 1349 601 1405 Deo
624 1337 743 1405 iunctus
771 1350 947 1422 superisque
970 1349 1052 1406 Divis

430 1435 491 1491 alta
515 1435 666 1490 coelorum
690 1451 780 1508 super
802 1439 884 1490 astra
906 1435 995 1500 vivis;

427 1503 497 1576 ‘inde
520 1537 574 1576 nos
597 1525 730 1576 moestos
753 1521 938 1594 miserosque
962 1517 1041 1576 dulci

368 1603 409 1664 20
527 1621 648 1662 munere
671 1605 754 1661 fulci!

412 1707 483 1776 -Te‚
506 1708 588 1764 Deus
612 1697 736 1782 simplex
757 1699 931 1782 pariterque
954 1709 1030 1763 trine
1116 1695 1117 1700 ἵ

430 1794 561 1849 coelicus
584 1792 688 1848 laudet
710 1793 818 1848 chorus
842 1793 956 1868 absque
978 1794 1052 1849 fine:

430 1895 465 1934 ao
488 1877 541 1934 tibi
565 1893 684 1952 semper
707 1883 795 1934 canat
817 1878 976 1954 ampliores
1083 1919 1085 1926 .
1128 1869 1130 1873 ’

530 1963 627 2046 nudis
642 1963 798 2053 'honores
852 1967 854 1972 ’

428 2129 438 2160 i

498 2189 681 2279 Defensor
703 2195 792 2260 alme
812 2192 1023 2279 Hispaniae.

225 2295 269 2350 De
289 2295 316 2348 S.
335 2293 438 2347 Iacobo
452 2295 596 2362 Apostolo.
632 2295 664 2348 ln
682 2295 767 2348 Festo
786 2295 998 2347 ‘Translationis
1016 2294 1057 2346 30.
1080 2292 1158 2356 Deo,
1177 2294 1297 2360 Apport-
1349 2281 1354 2290 ’

396 2362 481 2416 tionis
499 2363 540 2418 23.
559 2363 634 2426 Mai,
654 2367 683 2416 et
700 2364 729 2416 in
746 2363 832 2426 Festo
848 2363 1001 2432 ¹Principali
1018 2364 1059 2420 25.
1077 2361 1127 2415 Iul.
1257 2361 1260 2366 '
1323 2387 1324 2392 κ

579 2431 620 2484 Ex
637 2432 756 2500 Proprie
774 2431 936 2500 Hispaniae.

287 2561 435 2618 Defensor
456 2561 534 2618 alme
556 2561 728 2636 Hispaniae,
825 2562 880 2629 Tu,
905 2577 996 2641 napea
1013 2577 1071 2618 nox
1093 2565 1183 2636 atque
1205 2552 1296 2635 inipia

265 2645 407 2716 ·Iaoobe,
430 2645 537 2705 vindex
553 2647 697 2718 hostium,
826 2665 881 2704 nos
905 2665 972 2703 eum
995 2651 1111 2703 teneret
1133 2647 1259 2716 vanitas,

288 2735 410 2790 tonitrui
433 2751 522 2808 quern
543 2734 636 2811 filium
765 2733 801 2792 15
824 2735 923 2790 lucem
946 2732 1051 2791 salutis
1073 2733 1209 2807 primitus
1294 2756 1297 2766 =

272 2805 342 2876 ‘Dei
365 2821 484 2876 vocavit
506 2819 611 2876 Filius:
826 2821 886 2876 oris
907 2819 1001 2874 Iberis
1023 2819 1174 2892 impetras.
1257 2848 1262 2857 =

217 2911 265 2997 ”5
287 2939 354 2994 Huc
378 2939 454 2994 coeli
477 2938 514 2994 ab
544 2939 613 2995 altis
638 2938 758 2996 sedibus
824 2938 878 3006 Tu,
891 2937 1048 3024 bellacum
1060 2955 1115 3020 nos
1130 2940 1293 3013 cingerent,

220 3066 228 3094 1,
290 3029 431 3081 converte
455 3022 559 3081 dexter
580 3025 699 3093 lumina,
827 3041 860 3080 es
883 3025 965 3080 visus
987 3025 1053 3097 ipso
1076 3025 1105 3079 in
1128 3023 1251 3097 praelio,

291 3107 421 3184 audique
443 3109 514 3165 laeti
538 3105 652 3166 debitas
824 3125 963 3184 equoque
986 3114 1017 3165 et
1039 3125 1110 3165 ense
1133 3109 1295 3165 acerrimus
1332 3121 1339 3127 ’

289 3200 390 3270 grates
414 3194 467 3250 tibi
490 3213 565 3276 quas
594 3195 744 3253 solvimus.
760 3196 801 3254 20
823 3195 945 3252 Mauros
967 3195 1100 3251 furentes
1128 3199 1271 3252 sternere.

290 3313 397 3372 Grates
419 3315 512 3372 refert
533 3317 686 3390 Hispania,
718 3348 738 3358 ..
822 3315 902 3371 Freti
924 3321 976 3372 tuo
999 3332 1054 3371 nos
1073 3315 1222 3390 pignore,-

228 3399 267 3459 1⁰
288 3401 358 3457 felix
380 3405 432 3459 tuo
456 3419 533 3476 quae
555 3403 672 3458 nomine
822 3401 941 3476 largum
962 3406 1013 3459 tuo
1032 3405 1065 3478 ¹to
1087 3415 1208 3459 munere

283 3491 319 3544 te
342 3486 487 3562 gloriatur
509 3489 619 3562 iugiter
821 3505 962 3563 rogamus
986 3503 1101 3566 omues,
1125 3490 1159 3542 ut
1181 3490 1251 3544 tuae

289 3563 411 3645 dignata
434 3574 527 3630 saeris
551 3573 677 3633 ossibus.
823 3589 878 3646 spe
894 3578 1043 3646 protegas
1065 3572 1264 3644 praeseptiae.

377 3701 382 3708 “
491 3699 493 3706 ’
529 3691 568 3749 25
592 3691 662 3748 Iesu
685 3691 738 3748 tibi
758 3694 797 3748 sit
820 3692 915 3768 gloria
931 3697 986 3747 etc.

538 3917 666 4007 Gaude
685 3925 797 3988 mater
819 3919 976 4000 ecclesio.
1021 3907 1025 3912 ⁵

442 4021 487 4076 De
506 4023 533 4076 S.
552 4022 708 4076 Dominioo.
743 4023 816 4076 Brev
835 4024 1073 4078 Praedicatorum.

288 4133 392 4194 Gaude
414 4142 509 4192 mater
531 4137 676 4204 Ecclesia,
778 4137 797 4194 5
820 4135 1065 4196 Praedicatorum
1088 4133 1207 4192 Ordinis

285 4221 395 4280 laetdm
416 4238 510 4297 agens
532 4224 724 4290 memoriam,
790 4254 804 4274 ι
821 4220 879 4278 dux
901 4215 932 4279 et
953 4227 1040 4297 pater
1062 4221 1232 4276 Dominious
1290 4249 1296 4258 ·

286 4319 481 4384 quae'novae
503 4305 596 4382 prolis
624 4307 734 4384 gaudia
821 4307 1002 4380 mundiiam
1023 4307 1120 4382 fulget
1149 4305 1292 4376 terminis,

285 4395 379 4452 mittis
401 4391 440 4450 ad
463 4394 539 4456 coeli
562 4395 682 4452 curiam.
822 4395 894 4454 civis
918 4391 1207 4451 effeetuseoelieus.
