2724 5026
59 597 106 656 12.
131 595 233 653 Sancti
261 593 359 652 Mauri
389 593 557 666 compassio
590 591 654 648 solo
686 592 783 648 crucis
813 591 967 666 signaculo
995 609 1013 650 a
1038 591 1126 651 foedo

258 681 359 736 cancri
382 679 486 735 ulcere
509 679 582 734 mire
605 677 733 734 salvavit
754 677 911 736 hominem.
956 677 1028 738 Euo.

40 829 44 836 .
139 782 186 839 Du
207 781 294 839 Mc'ril
315 783 333 839 i.
366 800 389 838 c.
413 782 448 838 B.
465 781 500 838 R.
524 799 567 838 ms
582 779 665 838 3778
674 780 892 854 probatlcment
905 779 942 836 dn
964 781 1001 836 X.
1031 783 1125 839 eiicia.

29 915 31 920 .
57 869 135 927 Getta
160 885 250 944 prose
273 875 319 924 ert
341 867 425 924 notc'e
447 873 477 924 et
496 884 588 924 nese
609 865 740 922 chantait
757 883 813 938 pas
835 864 871 920 de
891 867 983 931 suite;
1013 867 1055 923 les
1077 870 1131 928 sier

50 955 196 1029 premiere
233 955 363 1038 conplete
392 971 426 1009 se
447 952 574 1008 disaient
594 970 632 1008 aa
649 953 779 1025 premier
801 958 940 1007 nocturne
962 957 991 1007 et
1013 953 1055 1008 les
1076 955 1127 1009 sia

54 1046 155 1096 autres
177 1039 214 1094 cn
228 1031 342 1097 second.
386 1037 613 1094 L'eaciamation
634 1036 700 1092 Euo
722 1037 772 1108 qui
795 1037 915 1091 termine
929 1036 1039 1108 chaque
1060 1055 1127 1095 cou-

12 1165 17 1172 .
48 1113 116 1199 piet
136 1134 182 1180 est
201 1142 257 1180 une
270 1124 406 1180 uiritabie
432 1123 562 1178 notation
583 1122 719 1177 nirasicaie
734 1128 787 1176 etc
809 1121 865 1176 Les
887 1119 966 1176 deun
994 1122 1127 1180 derniers

54 1210 183 1283 acupieta
205 1227 238 1264 se
260 1208 415 1265 dinisaient
444 1225 479 1263 en
502 1209 606 1280 quatre
634 1220 700 1262 cers
730 1205 852 1261 debuit
883 1191 1025 1284 syllabus:
1054 1210 1126 1264 mais

51 1295 75 1351 ii
96 1312 168 1350 nous
192 1312 210 1350 a
232 1292 274 1350 e'ti
297 1294 460 1368 impossible
488 1292 524 1348 de
548 1295 664 1348 trouver
686 1309 800 1348 aucune
822 1308 923 1365 aspere
944 1290 980 1346 de
996 1294 1126 1367 paralle-

52 1380 134 1436 lisme
159 1379 233 1434 dans
257 1380 283 1435 ie
305 1379 437 1451 rbytbme
460 1378 510 1433 des
532 1383 639 1433 autres.

138 1462 179 1520 Αι
208 1480 290 1521 vero
326 1464 357 1520 in
392 1463 448 1519 hac
478 1459 679 1535 disputatione
707 1461 809 1517 Virum
842 1459 970 1518 Doctum
1004 1463 1125 1520 mirifice

51 1564 177 1616 errasse,
199 1567 258 1604 non
282 1552 329 1604 est
353 1547 435 1622 quod
458 1547 635 1604 dubitemus.
668 1546 775 1620 Neque
799 1547 925 1621 cogitari
946 1551 1049 1621 potest
1078 1565 1146 1616 seq

14 1655 20 1665 ·
51 1635 173 1709 quentia
210 1632 248 1689 ad
277 1625 407 1689 bfficium
428 1632 606 1692 Matutinum
632 1630 792 1688 decantata
814 1648 911 1705 neque
934 1649 1011 1706 quae
1035 1649 1126 1706 supra

51 1721 165 1793 scripta
188 1723 258 1776 suut
281 1719 457 1792 sequeptiae
480 1733 588 1773 nomen
609 1721 768 1772 merentur.
792 1715 867 1772 Sunt
889 1716 1071 1790 antiphonae
1094 1724 1125 1774 et

50 1804 193 1862 versiculi
216 1820 314 1877 paene
337 1801 521 1860 adverbum
544 1800 693 1874 desumpti
720 1817 755 1856 ex
782 1801 844 1858 vita
867 1801 896 1856 S.
919 1801 1030 1869 Mauri,
1042 1820 1125 1858 ¹con-

51 1891 149 1964 scipta
172 1888 209 1943 ab
232 1887 359 1956 Fausto
397 1889 478 1943 socio
505 1887 569 1946 eius
598 1886 685 1953 (Acta
708 1885 800 1941 Sanot
823 1885 892 1944 Ord.
916 1886 945 1943 S
954 1885 1125 1946 Benedicti

49 1973 71 2031 1.
94 1993 123 2048 p.
148 1970 326 2038 uti—281)
349 1972 395 2030 Ne
416 1976 570 2029 remaneat
592 1969 664 2046 quid
686 1969 892 2038 dubitationis,
916 1969 1125 2033 adscribantur

49 2059 110 2115 loci
131 2045 332 2137 παράλληλοι

138 2144 162 2200 1.
188 2143 259 2216 Cap.
283 2143 311 2200 8
335 2141 411 2200 Beat
399 2147 448 2198 tus
477 2143 569 2216 igntur
595 2141 718 2198 Maurus
756 2140 920 2196 clarissimo
953 2146 1124 2200 senatorum

50 2244 161 2304 genere
183 2234 236 2302 pat
238 2245 270 2284 re
293 2227 448 2304 Aequitio,
486 2231 581 2284 matre
609 2243 680 2284 vero
707 2225 782 2281 Iulia
810 2230 929 2281 exortus
958 2226 1122 2285 duodennis
1166 2243 1169 2254 ¹
1217 2246 1221 2250 ·

49 2315 237 2372 sanctissimo
260 2312 423 2389 Benedicto
439 2338 483 2350 -
499 2312 560 2389 sub
574 2312 721 2386 regularis
737 2309 913 2367 nutriendus
928 2311 1122 2382 institutione,

50 2398 265 2472 aparentibus
289 2403 335 2454 cst
358 2395 494 2455 traditus.
554 2409 562 2414 ·

136 2483 163 2540 2.
186 2483 228 2538 lb.
268 2481 415 2552 Quicum
438 2479 544 2552 adhus,
557 2481 657 2537 iunior
679 2481 764 2536 bonis
787 2481 915 2554 polleret
937 2480 1068 2539 moribus
1082 2509 1135 2571 -ι
1172 2487 1173 2490 ’

57 2567 194 2645 magistri
217 2569 316 2640 coepit
352 2566 470 2624 adiutor
499 2568 626 2623 existere
648 2593 692 2603 -
712 2566 799 2621 Hunc
830 2567 1035 2624 sanctissimus
1065 2568 1135 2624 Be·'

60 2650 198 2708 nedictus
220 2669 293 2724 prae
316 2652 451 2708 omnibus
474 2668 593 2726 semper
615 2653 708 2707 artius
732 2650 833 2708 dilexit
821 2653 915 2708 tet
908 2669 953 2707 ms
955 2653 1054 2711 truxit.

135 2751 162 2810 3.
187 2753 373 2809 Sententiam
389 2755 528 2827 exprimit
549 2771 623 2825 quae
645 2755 687 2808 eis
710 2771 785 2826 quae
806 2771 829 2808 c
846 2753 873 2821 8,
900 2753 928 2821 9,
952 2762 1121 2822 narrantur,

48 2839 177 2895 munitur
199 2845 230 2894 et
243 2837 463 2896 commendatur.

134 2940 163 2996 4.
186 2941 333 2997 Breviter
345 2941 441 3014 refert
468 2941 652 3007 miraculum,
688 2941 770 2996 cuius
806 2941 910 2997 mentio
941 2941 1048 2998 iniecta
1078 2949 1124 3000 est
1155 2986 1157 2992 .

41 3044 72 3084 e.
97 3025 142 3080 11.
166 3025 213 3082 12.
235 3053 278 3062 —-
305 3028 355 3100 qui
385 3025 466 3101 quod
494 3029 616 3082 sanctus
643 3025 756 3080 meritis
787 3023 955 3093 obtinebat,
984 3023 1121 3100 discipuli
1202 3095 1217 3110 ι

46 3111 148 3185 potius
172 3108 360 3167 obedientiae
383 3108 614 3168 adscribendum
636 3109 786 3174 censebat.

135 3193 162 3252 5.
185 3211 250 3268 cap.
278 3195 323 3253 15.
347 3196 459 3253 Beatus
471 3195 510 3250 M.
536 3195 766 3252 cumfratribus
790 3193 829 3251 ad
851 3195 953 3268 fruges
977 3195 1121 3270 colligen-

47 3279 100 3337 das
125 3279 315 3352 longiuscule
338 3297 356 3336 a
378 3282 559 3337 monasterio
583 3285 630 3336 est
653 3297 812 3354 egressus:
842 3297 861 3336 a
883 3297 942 3355 quo
967 3299 1058 3354 opere
1078 3310 1122 3321 -

47 3364 118 3422 dum
140 3361 317 3420 rediret-
339 3364 479 3420 claudum
502 3363 651 3438 quendam
674 3370 704 3420 e't
725 3371 838 3420 mutum
860 3382 986 3437 puerum
1008 3367 1122 3422 invenit
1186 3421 1189 3426 .

46 3452 76 3506 in
99 3451 214 3507 itinere.
1218 3455 1222 3466 '

134 3534 162 3593 b.
181 3533 213 3592 Ὶ7.
236 3533 278 3590 Ib.
302 3532 342 3589 At
377 3533 427 3590 ille
458 3539 492 3590 ut
522 3541 587 3590 erat
615 3535 785 3612 piissimus,
802 3533 951 3590 -laorimis
980 3534 1120 3607 perfusus
1188 3531 1190 3538 ’

45 3624 138 3695 atque
161 3621 191 3675 in
214 3619 349 3674 oratione
371 3623 606 3692 prostratus-
629 3620 670 3674 ait
693 3618 731 3674 ad
747 3617 875 3674 debilem
889 3646 931 3656 —-
954 3623 1002 3674 sta
1029 3635 1120 3675 sanus

46 3710 78 3761 et
99 3704 256 3760 incolumis
279 3720 370 3777 super
392 3703 486 3777 pedes
509 3710 578 3760 tuos
600 3708 711 3760 rectus.

132 3791 160 3848 8.
182 3788 225 3846 Ib.
249 3787 432 3846 Benedictus
456 3807 527 3846 cum
547 3805 583 3845 ea
606 3805 684 3862 quae
707 3790 896 3863 contigerant
910 3789 1118 3862 comperisset,

46 3876 76 3930 in
99 3889 208 3948 magna
231 3871 374 3948 deinceps
397 3874 531 3932 admirat
511 3879 591 3932 tuone
615 3865 652 3930 ια’
671 3872 864 3931 veneratione
886 3874 997 3932 habere
1021 3875 1121 3946 eoepit

45 3959 451 4017 beatissimumMaurum—
473 3977 562 4036 quern
584 3959 712 4016 Deot1ta
733 3961 898 4034 proximum
919 3961 978 4016 iam
1000 3957 1121 4017 videbat

47 4044 196 4102 effectum

133 4129 160 4188 9.
183 4129 342 4186 Historiam
365 4148 426 4204 cap.
449 4129 496 4186 27
521 4137 669 4186 narratam
692 4131 771 4200 breui
793 4132 998 4204 complectitur.

69 4275 72 4281 ,
136 4213 183 4271 10.
209 4211 279 4288 Cap.
304 4213 418 4274 46-
375 4213 568 4284 -Quidam
598 4232 634 4270 ex
657 4215 800 4288 operariis
823 4215 917 4271 Beato
940 4217 1046 4272 Mauro
1070 4214 1121 4271 de-

46 4297 172 4356 trahere
195 4301 360 4372 cooperunt
382 4304 439 4356 etc
483 4299 592 4357 Iterum
622 4302 789 4381 miraculum
819 4303 966 4359 aFausto
997 4301 1122 4401 rutatum
1206 4289 1208 4302 ¹

50 4386 173 4446 arctiori
195 4385 368 4461 antiphonae
390 4386 496 4443 ambitu
518 4388 1107 4446 caminetum·
