2848 5030
666 418 706 494 li

149 613 298 666 ctorum.
321 607 399 682 App.
443 605 499 666 26.
519 605 641 681 Agone
660 605 892 682 triumphali.
914 605 1015 663 Martt.
1061 605 1109 665 27.
1132 604 1224 678 Quid

147 699 189 751 tu
210 695 316 769 virgo
338 697 454 750 mater
474 693 610 767 ploras.
634 691 758 766 Martyr.

537 980 840 1004 w---m-k-—m

425 1235 455 1308 1
489 1233 615 1308 Index
649 1233 950 1326 sequentiarum
983 1313 988 1326 ,
1104 1293 1108 1302 .

296 1361 496 1418 Confectus
526 1378 544 1417 a
565 1360 598 1416 P.
622 1360 644 1416 1.
668 1359 831 1416 Brand'er
852 1360 952 1420 Anno
978 1358 1083 1418 1507.

237 1495 415 1555 Francisous
439 1515 456 1554 a
486 1497 635 1576 Gaisperg
664 1516 731 1556 cum
754 1499 856 1558 Sancti
880 1495 958 1554 Galli
985 1496 1090 1556 sedem
1110 1501 1228 1556 teneret

151 1583 456 1656 (1504—1arat,ne
480 1583 601 1642 deesset
622 1587 803 1642 monasterio
826 1585 856 1639 in
886 1582 976 1640 rebus
1005 1583 1227 1657 hymnicisan-

150 1671 279 1746 tiquitus
303 1669 537 1726 celebratissimo
549 1671 688 1744 locuples
711 1672 840 1726 omnium
856 1673 1044 1726 vetustorum
1066 1671 1227 1727 carminum

152 1755 323 1838 collection
341 1754 493 1812 mandavit
521 1755 603 1812 Patri
625 1755 756 1812 Ioachim
779 1753 971 1823 Brander‚
1003 1753 1227 1812 San-Gallensis

153 1843 321 1898 conventus
343 1841 427 1898 fratri
446 1857 594 1916 ,perquam
618 1839 747 1908 erudito,
771 1841 856 1896 utin
879 1857 969 1898 unum
991 1840 1129 1897 volumen
1159 1856 1228 1895 con-

153 1933 275 2003 gereret
296 1923 490 2000 Hyrnnorum
515 1927 742 2001 sequentiarum
765 1931 856 2000 atque
872 1924 1109 2000 Antiphonarum
1131 1924 1229 1982 multi·

151 2009 296 2069 tudinem.
342 2010 407 2081 Quo
432 2029 554 2068 munere
578 2011 713 2068 Brander
736 2013 814 2067 omni
845 2028 916 2067 cura
938 2012 1139 2086 prosperrime
1161 2026 1229 2084 per·

152 2099 275 2155 functus
299 2101 354 2153 est.
392 2096 510 2154 Etenim
523 2097 738 2171 amplissimum
762 2113 914 2154 sacrarum
936 2099 1106 2154 cantionum
1127 2113 1229 2154 nume-

152 2201 228 2252 rum,
251 2177 301 2238 illo
326 2187 400 2240 aevo
424 2181 504 2258 apud
528 2179 672 2240 Helvetos
696 2199 731 2238 ac
755 2181 928 2240 Germanos
950 2183 1141 2256 potissimum
1167 2181 1229 2238 usi·
1333 2205 1340 2210 ·

153 2273 286 2326 tatarum
307 2269 442 2342 collegit,¹
461 2269 523 2325 iere
540 2285 642 2324 omnes
665 2269 744 2324 notis
767 2269 888 2324 musicis
904 2267 1068 2335 adornavit,
1093 2283 1170 2342 quae
1195 2281 1230 2322 ex

155 2343 280 2429 antiqua
303 2352 512 2411 San-Gallensi
535 2353 693 2410 traditione
718 2353 754 2410 de
778 2355 939 2410 carminum
966 2353 1138 2410 auctoribus
1167 2369 1230 2413 cre-

156 2439 312 2506 debantur,
330 2435 494 2507 adnotavit,
508 2439 618 2496 adiecit
633 2440 700 2506 alia,
718 2455 796 2514 quae
811 2443 977 2495 memoratu
992 2439 1116 2494 maxime
1140 2427 1231 2512 digna

156 2530 234 2582 sunt.
277 2525 364 2583 Hunc
394 2524 539 2582 Branderi
563 2524 696 2582 codicem
725 2523 789 2590 (No.
813 2523 886 2592 546)
908 2525 980 2581 Ven.
1004 2523 1138 2580 Greithio
1162 2537 1230 2579 sua·

157 2628 225 2667 sore
248 2627 315 2666 curn
331 2625 408 2666 anno
424 2609 632 2684 praeterlapso
648 2610 863 2684 perlustrarim,
887 2627 975 2684 spero
998 2611 1062 2666 sore
1083 2614 1118 2664 ut
1138 2609 1232 2664 lecto-

156 2697 236 2752 ribus
259 2698 470 2769 acceptissima
493 2698 532 2752 sit
555 2694 635 2751 docti
658 2695 795 2751 monachi
817 2697 847 2750 in
871 2695 1041 2769 Sequentiis
1064 2690 1231 2750 indicandis

158 2787 188 2838 et
208 2779 392 2838 illustrandis
416 2781 580 2855 diligentia.

225 2883 330 2958 ,Quae
355 2901 371 2941 e
393 2881 540 2940 Branderi
564 2879 667 2940 codice
691 2888 832 2956 excerpta
855 2888 924 2938 sunt
950 2885 984 2938 ut
1013 2881 1142 2938 discerni
1163 2899 1232 2954 pos-

1 3047 2 3056 ἵ
41 3014 45 3018 .
156 2971 217 3026 sint
239 2968 278 3024 ab
300 2971 337 3026 iis
361 2986 438 3044 quae
462 2968 651 3036 adnotantur,
675 2970 758 3024 uncis
782 2967 961 3026 includenda
983 2968 1157 3024 curavimus.

245 3075 442 3160 titinnius
472 3098 568 3146 nunc
599 3098 729 3146 omnes.
773 3087 806 3144 ln
837 3087 908 3162 galli
938 3091 1029 3146 cantu
1056 3087 1105 3144 vei
1135 3083 1232 3144 media

155 3179 245 3232 nocte
268 3173 307 3230 ad
329 3169 453 3248 primam
475 3168 620 3244 Missam]

160 3337 164 3342 -
243 3294 334 3351 Thes.
355 3293 393 3349 11.
415 3311 444 3366 p.
466 3293 495 3351 5.
534 3293 596 3349 Val.
621 3293 808 3368 Herbergers
837 3291 978 3350 Postille:
1023 3293 1079 3354 Die
1106 3293 1233 3366 leilr'pen

157 3381 256 3454 Enpel
276 3383 394 3454 stupea:
416 3379 497 3434 Etre
518 3381 562 3436 rei
587 3379 655 3436 Gott
675 3381 705 3434 ia
728 3379 780 3434 der
801 3379 892 3434 Hane.
943 3379 1005 3434 Wie
1027 3377 1105 3434 dicer
1119 3393 1156 3433 za
1170 3395 1233 3434 cer·

156 3465 424 3533 solemnizaret
445 3465 491 3520 die
512 3481 605 3536 parcre
629 3464 831 3529 curarentur,
855 3463 949 3520 ladem
970 3467 1015 3519 sie
1036 3461 1154 3518 tenuari
1173 3463 1232 3518 ria·

156 3559 220 3626 yet:
246 3551 351 3608 Grates
374 3557 426 3606 etc.
472 3595 474 3602 ,

597 3628 798 3638 *uum-..mu

244 3739 273 3798 2.
300 3726 384 3810 [Eia
405 3727 614 3796 recolamus.
651 3737 756 3794 Altera
773 3735 936 3810 Sequentia
952 3733 1086 3806 eiusdem
1109 3736 1234 3792 sanctis-

50 3830 52 3835 '
160 3825 226 3880 simi
249 3823 308 3880 diei
331 3821 369 3880 ad
392 3819 555 3882 secundam
578 3823 700 3878 missam
722 3823 751 3884 in
774 3837 882 3878 aurora
903 3819 952 3888 uel
975 3823 1043 3877 ortu
1073 3818 1174 3901 solis..
1196 3819 1234 3879 Et

158 3916 207 3995 ost
228 3908 310 3973 beati
332 3897 497 3974 Notlleri,
520 3905 614 3962 tituli:
638 3901 864 3976 Eia.turma.]
900 3893 903 3901 ¹

244 4027 334 4084 Thes.
356 4027 398 4088 ΙΙ..
416 4045 445 4101 p.
468 4027 497 4084 3.
542 4027 607 4083 Una
640 4043 675 4084 ex
711 4025 836 4082 Notkeri
867 4025 1052 4100 sequentiis.
1111 4025 1235 4084 Missam

158 4111 308 4170 &nabun
354 4115 382 4171 2.
407 4111 465 4169 diei
497 4111 638 4186 gaudia.
687 4111 733 4170 10.
766 4129 783 4166 o
810 4110 914 4184 pleb-s
944 4109 1233 4166 nimiumbeata.

162 4197 211 4258 19.
235 4213 403 4256 summam
418 4197 457 4254 ad
478 4199 615 4270 patriam.
652 4197 807 4253 Metricam
825 4197 962 4252 carminis
984 4197 1133 4252 rationem
1146 4194 1235 4252 docte

106 4279 109 4282 ’
161 4285 300 4357 exposuit
321 4283 445 4340 Nealins
467 4283 496 4338 in
519 4283 731 4356 Disputatione
753 4281 790 4338 de
810 4282 980 4356 sequentiis
1002 4281 1072 4336 huic
1094 4279 1236 4338 volumini

158 4369 313 4444 masdrae
335 4387 364 4442 p.
389 4369 436 4426 11.
495 4389 515 4410 ι’
1224 4364 1226 4370 ’
