2904 5028
818 323 823 330 x

583 371 587 378 ι

473 593 671 662 Praeclara
693 600 814 662 cactos
836 596 1017 682 airpiaam,

215 751 219 758 ¹
258 695 291 747 In
308 696 393 748 Festo
412 693 547 748 Puritatis
565 695 596 746 B.
614 695 651 748 M.
670 698 704 750 V.
739 696 820 749 Dcm.
838 697 887 748 ΙΙΙ.
906 697 968 750 Oct.
1000 687 1044 750 'Ex
1061 697 1142 750 Brev.
1162 697 1230 751 Ord.

601 763 753 820 Servorum
775 765 891 819 Mariae.
1009 765 1013 775 ‘

139 867 141 874 ’
231 877 437 933 'Praeclara
455 882 556 933 custos
584 879 740 958 virginum,
810 877 911 934 Turris
933 878 1063 935 Draconi
1085 879 1237 953 impervia,
1339 895 1346 900 ·

274 965 387 1020 intacta
410 967 505 1018 mater
527 964 663 1043 numinis,
752 964 790 1022 10
813 965 907 1020 amica
930 963 1018 1020 stella
1040 965 1205 1038 naufragis:

275 1043 415 1105 coelestis
439 1049 525 1102 auiae
547 1050 645 1115 ianua,
811 1054 895 1105 tuere
917 1067 976 1119 nos
996 1067 1013 1105 a
1035 1049 1197 1118 fraudibus,

275 1151 345 1208 spes
361 1138 472 1200 nostra,
498 1134 573 1190 coeli
589 1132 743 1208 gaudium!
809 1140 921 1208 tuaque
944 1131 1020 1191 luce*
1035 1133 1138 1210 dirige.

231 1253 249 1310 5
272 1251 354 1310 Inter
376 1250 482 1307 rubeta
504 1252 605 1327 lilium,
808 1253 923 1310 Erroris
946 1253 1066 1312 umbras
1090 1254 1216 1322 discute,

274 1337 410 1394 columba
432 1337 654 1406 formosissima,
811 1338 914 1412 Syrtes
939 1339 1059 1395 dolosas
1083 1357 1196 1408 amove,

273 1425 359 1498 virga
382 1441 398 1479 c
421 1423 531 1479 radice'
546 1425 715 1497 germinans
748 1423 785 1482 15
808 1425 917 1480 fluctus
941 1430 986 1480 tot
1008 1426 1086 1481 inter
1108 1423 1202 1483 deviis

225 1547 233 1566 t
273 1514 376 1565 nostro
399 1507 546 1564 medelam
567 1509 698 1566 vulneri!
811 1515 906 1566 tutam
928 1509 1053 1567 reclude
1075 1511 1219 1568 semitam.

542 1629 611 1685 Iesu
633 1628 687 1685 tibi
710 1631 748 1686 sit
771 1631 866 1704 gloria
889 1635 945 1686 etc.

516 1821 546 1888 0
562 1843 652 1908 year
678 1823 781 1890 beata
796 1803 972 1890 coalitam.

445 1923 488 1974 De
508 1921 643 1976 Omnibus
663 1924 782 1977 Sanctis.
818 1924 930 1977 Garolla
947 1924 1043 1996 Walir.

275 2036 301 2092 0
324 2053 398 2110 gens
420 2036 510 2092 beata
534 2037 681 2106 coelitum,
810 2039 879 2094 Flos
902 2055 978 2114 unus
1002 2043 1049 2094 est
1071 2037 1262 2105 cultissimus,

277 2127 448 2178 sanctorum
476 2122 604 2195 phalanx
637 2125 746 2196 priuci-
811 2125 862 2199 qui
884 2124 962 2180 uuile
986 2121 1190 2198 voluptatibus

619 2226 699 2282 pum,
812 2212 895 2284 puris
918 2207 1067 2266 redundat
1088 2208 1244 2266 mentibus.

276 2310 293 2348 ο
317 2296 429 2366 quanta
451 2291 506 2348 Dei
529 2294 626 2367 gratia
1125 2307 1126 2316 ¹
1148 2297 1153 2306 ’
1175 2295 1180 2300 “

275 2376 400 2432 inundat
421 2395 475 2434 vos
498 2395 553 2450 per
580 2366 689 2434 amnia!

234 2463 252 2519 5
277 2479 433 2536 supremus
456 2462 541 2519 vobis
564 2463 707 2520 Dominus
751 2499 791 2558 30

278 2565 423 2604 summum
446 2546 497 2603 dat
519 2547 629 2604 bonum
660 2551 748 2604 eomi-

618 2652 683 2701 nus,

278 2735 337 2792 qno
360 2719 417 2774 frui
438 2719 512 2775 licet
533 2719 676 2776 omnibus.

812 2414 886 2470 Heic
909 2431 1012 2470 mensa
1040 2431 1158 2487 semper
1186 2415 1282 2488 epulis

813 2501 961 2560 instructa
983 2505 1083 2559 manet
1106 2499 1239 2568 coelicis;

814 2603 882 2642 cum
903 2586 967 2642 Deo
990 2603 1044 2644 vas
1067 2585 1252 2652 accumbitis,

814 2673 876 2727 eius
899 2664 1032 2727 fruentes
1055 2671 1184 2728 ferculis.

812 2756 876 2812 Iam
898 2757 980 2812 nulia
1003 2755 1111 2812 desunt
1134 2754 1241 2823 dulcia,

279 2835 440 2912 Oquanta
464 2857 554 2912 super
577 2839 676 2894 sidera
719 2863 720 2867 ¹
810 2841 1014 2910 haudnectar,
1030 2840 1281 2898 haudambrasia:

276 2923 399 2980 vibratis
423 2941 524 2980 omnes
547 2925 666 2992 lumina,
747 2926 868 2984 abillis
892 2926 1044 2984 abundant
1067 2928 1171 2984 omnia.

216 3008 255 3066 10
279 3007 438 3081 splendore
462 3009 555 3065 solem
577 3011 707 3077 vincitis;
955 3021 962 3028 “

278 3099 309 3150 et
330 3092 475 3168 quidquid
502 3096 593 3151 micat
609 3095 738 3164 'sideris
814 3131 839 3188 Ο
863 3148 942 3206 quan

278 3181 303 3234 si
326 3195 403 3253 quae
427 3179 580 3236 stellarum
603 3181 731 3237 clarius-

276 3265 414 3338 fulgerct,
439 3283 527 3340 quam
556 3267 602 3322 sol
624 3283 757 3328 aureus:-

276 3351 327 3406 iux
348 3357 450 3408 vestra
471 3353 565 3408 maior
587 3352 731 3408 omnibus.

943 3136 974 3187 ta
995 3132 1044 3189 hic
1075 3137 1143 3188 sunt
1165 3131 1283 3206 gaudia,

814 3234 903 3291 quam
927 3216 1022 3274 dulcis
1051 3221 1138 3274 sonat
1160 3219 1281 3284 musica,

813 3320 890 3376 quae
912 3320 1019 3359 vocum
1041 3302 1089 3358 hic
1114 3302 1281 3371 concordia,

813 3405 890 3463 quae
912 3386 1013 3444 fidium
1035 3387 1204 3444 harmonia!

217 3470 255 3528 15
279 3470 394 3544 Corpus
418 3472 561 3545 crystallo
589 3474 725 3545 purius;-
750 3472 791 3530 45
815 3487 832 3528 ο
856 3491 945 3548 quam
967 3476 1130 3530 miscentur
1147 3473 1282 3541 dulciter,

276 3562 310 3612 ut
333 3557 378 3612 sol
400 3558 531 3631 refulget
553 3559 676 3624 animus,
811 3575 901 3632 quam
922 3561 1050 3614 tinniunt
1073 3561 1213 3626 suaviter,

276 3659 371 3700 venae
394 3643 506 3699 corallo
529 3643 649 3709 similes,
764 3675 766 3686 ι
813 3644 862 3700 Nil
885 3649 932 3700 est
954 3643 1088 3702 auditum
1110 3645 1218 3702 taliter.
1265 3659 1269 3664 ’

276 3745 333 3784 nec
356 3730 420 3784 auri
442 3729 491 3784 filo
515 3727 664 3802 disparem
742 3724 746 3736 “

139 3801 144 3809 ’
231 3857 234 3862 .
278 3815 308 3868 in
332 3815 416 3870 venis
440 3817 563 3888 sanguis
586 3815 701 3888 gratius

214 3899 259 3960 20.
279 3898 428 3972 flagrabit,
451 3901 529 3956 rosis
553 3900 684 3972 suavius,

279 3989 308 4040 et
330 3977 464 4041 balsama
492 3984 666 4044 iucundius..
750 4019 790 4076 50

790 3863 796 3878 ¹
814 3847 910 3904 Deum
932 3847 1041 3906 videtis
1063 3847 1232 3923 Principem

815 3932 851 3988 de
874 3935 951 3990 facie
974 3931 1012 3990 ad
1034 3935 1149 4002 faciem;

290 4077 295 4084 ,
813 4035 848 4075 cx
871 4037 931 4094 quo
953 4016 1039 4076 vobis
1062 4020 1206 4091 coelestia

277 4103 310 4160 In
333 4103 476 4160 Paradiso
499 4105 607 4171 vivitis,
811 4110 975 4176 nascuntur
997 4110 1081 4162 tanta
1103 4104 1222 4181 gaudia,

277 4189 383 4245 florum
406 4189 533 4246 corollas
556 4191 697 4263 plectitis,
812 4195 926 4266 quanta
947 4208 1002 4247 nec
1029 4189 1104 4247 vidit
1126 4191 1241 4257 oculus,

276 4291 363 4331 rosas
386 4277 518 4332 miscetis
540 4275 620 4343 liliis,
811 4293 869 4348 nec
891 4277 970 4333 ullus
994 4278 1074 4351 cepit
1095 4276 1232 4344 auribus;

211 4358 252 4418 25
274 4360 402 4438 ligustra
425 4378 492 4419 cum
514 4360 697 4426 narcissulis.
811 4360 1001 4418 hismundus
1017 4360 1120 4419 sordet
1137 4359 1284 4418 omnibus.
